@Article{adouble,
  title = {Electron transport through double quantum dots},
  author = {van der Wiel, W. G. and De Franceschi, S.  and Elzerman, J. M. and Fujisawa, T.  and Tarucha, S.  and Kouwenhoven, L. P.},
  journal = {Rev. Mod. Phys.},
  volume = {75},
  number = {1},
  pages = {1--22},
  numpages = {21},
  year = {2002},
  month = {Dec},
  doi = {10.1103/RevModPhys.75.1},
  publisher = {American Physical Society}
}
@article{ilhasolt,
  title = {Dimensionality effects in the local density of states of ferromagnetic hosts probed via STM: Spin-polarized quantum beats and spin filtering},
  author = {Seridonio, A. C. and Leandro, S. C. and Guessi, L. H. and Siqueira, E. C. and Souza, F. M. and Vernek, E. and Figueira, M. S. and Egues, J. C.},
  journal = {Phys. Rev. B},
  volume = {87},
  issue = {12},
  pages = {125104},
  numpages = {11},
  year = {2013},
  month = {Mar},
  doi = {10.1103/PhysRevB.87.125104},
  url = {http://link.aps.org/doi/10.1103/PhysRevB.87.125104},
  publisher = {American Physical Society}
}

@article{rosenow,
  title = {Proposed Detection of the Topological Phase in Ring-Shaped Semiconductor-Superconductor Nanowires Using Coulomb Blockade Transport},
  author = {Zocher, Bj\"orn and Horsdal, Mats and Rosenow, Bernd},
  journal = {Phys. Rev. Lett.},
  volume = {109},
  issue = {22},
  pages = {227001},
  numpages = {5},
  year = {2012},
  month = {Nov},
  publisher = {American Physical Society},
  doi = {10.1103/PhysRevLett.109.227001},
  url = {http://link.aps.org/doi/10.1103/PhysRevLett.109.227001}
}
@article{prx:majorana,
  title = {Interplay between Kondo and Majorana Interactions in Quantum Dots},
  author = {Cheng, Meng and Becker, Michael and Bauer, Bela and Lutchyn, Roman M.},
  journal = {Phys. Rev. X},
  volume = {4},
  issue = {3},
  pages = {031051},
  numpages = {18},
  year = {2014},
  month = {Sep},
  publisher = {American Physical Society},
  doi = {10.1103/PhysRevX.4.031051},
  url = {http://link.aps.org/doi/10.1103/PhysRevX.4.031051}
}

@article{Golub,
  title = {Kondo Correlations and Majorana Bound States in a Metal to Quantum-Dot to Topological-Superconductor Junction},
  author = {Golub, A. and Kuzmenko, I. and Avishai, Y.},
  journal = {Phys. Rev. Lett.},
  volume = {107},
  issue = {17},
  pages = {176802},
  numpages = {5},
  year = {2011},
  month = {Oct},
  publisher = {American Physical Society},
  doi = {10.1103/PhysRevLett.107.176802},
  url = {http://link.aps.org/doi/10.1103/PhysRevLett.107.176802}
}



@article{Zareyan,
  title = {Andreev-Klein reflection in graphene ferromagnet-superconductor junctions},
  author = {Zareyan, Malek and Mohammadpour, Hakimeh and Moghaddam, Ali G.},
  journal = {Phys. Rev. B},
  volume = {78},
  issue = {19},
  pages = {193406},
  numpages = {4},
  year = {2008},
  month = {Nov},
  publisher = {American Physical Society},
  doi = {10.1103/PhysRevB.78.193406},
  url = {http://link.aps.org/doi/10.1103/PhysRevB.78.193406}
}


@article{BeenakkerColq,
  title = {<i>Colloquium</i>: Andreev reflection and Klein tunneling in graphene},
  author = {Beenakker, C. W. J.},
  journal = {Rev. Mod. Phys.},
  volume = {80},
  issue = {4},
  pages = {1337--1354},
  numpages = {0},
  year = {2008},
  month = {Oct},
  publisher = {American Physical Society},
  doi = {10.1103/RevModPhys.80.1337},
  url = {http://link.aps.org/doi/10.1103/RevModPhys.80.1337}
}


@article{Izyumov,
  author={Yurii A Izyumov and Yurii N Proshin and Mensur G Khusainov},
  title={Competition between superconductivity and magnetism in ferromagnet/superconductor heterostructures},
  journal={Physics-Uspekhi},
  volume={45},
  number={2},
  pages={109},
  year={2002}
  }

@ARTICLE{franceschi,
  AUTHOR =       {S. de Franceschi and L. Kouwenhoven and C. Schönenberger and W. Werndorfer},
  TITLE =        {Hybrid Superconductor-quantum dot devices},
  JOURNAL =      {Nature Nanotech.},
  YEAR =         {2010},
  volume =       {5},
  number =       {703}
}

%and T. Ondarchchu and M. Monthioux
@ARTICLE{cleuziou,
  AUTHOR =       {J-P. Cleuziou and W. Wernsdorfer and V. Bouchiat },
  TITLE =        {Carbon nanotube superconducting quantum interference device},
  JOURNAL =      {Nature Nanotech},
  YEAR =         {2006},
  volume =       {1},
  number =       {53}
}

@article{Xue,
  author={Fei Xue and Y D Wang and C P Sun and H Okamoto and H Yamaguchi and K Semba },%
  title={Controllable coupling between flux qubit and nanomechanical resonator by magnetic field},
  journal={New Journal of Physics},
  volume={9},
  number={2},
  pages={35},
  year={2007}}
	


@article{Eschrig,
author = {Matthias Eschrig},
collaboration = {},
title = {Spin-polarized supercurrents for spintronics},
publisher = {AIP},
year = {2011},
journal = {Physics Today},
volume = {64},
number = {1},
pages = {43-49},
url = {http://link.aip.org/link/?PTO/64/43/1},
doi = {10.1063/1.3541944}
}

@article{Buzdin,
  title = {Proximity effects in superconductor-ferromagnet heterostructures},
  author = {Buzdin, A. I.},
  journal = {Rev. Mod. Phys.},
  volume = {77},
  issue = {3},
  pages = {935--976},
  year = {2005},
  month = {Sep},
  doi = {10.1103/RevModPhys.77.935},
  url = {http://link.aps.org/doi/10.1103/RevModPhys.77.935},
  publisher = {American Physical Society}
}

@article{Hubbard26111963,
author = {Hubbard, J.},
title = {Electron Correlations in Narrow Energy Bands},
volume = {276},
number = {1365},
pages = {238-257},
year = {1963},
doi = {10.1098/rspa.1963.0204},
journal = {Proc. Roy. Soc. of London. Series A. Math. and Phys. Sci.}
}


@article{Gustavsson,
title = "Electron counting in quantum dots",
journal = "Surface Science Reports",
volume = "64",
number = "6",
pages = "191 - 232",
year = "2009",
note = "",
issn = "0167-5729",
author = "S. Gustavsson and R. Leturcq and M. Studer and I. Shorubalko and T. Ihn and K. Ensslin and D.C. Driscoll and A.C. Gossard"
}



@article{Bergeret,
  volume = {77},
  journal = {Rev. Mod. Phys.},
  author = {Bergeret, F. S. and Volkov, A. F. and Efetov, K. B.},
  month = {Nov},
  url = {http://link.aps.org/doi/10.1103/RevModPhys.77.1321},
  doi = {10.1103/RevModPhys.77.1321},
  year = {2005},
  title = {Odd triplet superconductivity and related phenomena in superconductor-ferromagnet structures},
  issue = {4},
  publisher = {American Physical Society},
  pages = {1321--1373}
}



@BOOK{nazarov,
  AUTHOR =       {Y. V. Nazarov and Y. M. Blanter},
  TITLE =        {Quantum Transport: Introduction to Nanoscience},
  PUBLISHER =    {Cambridge University Press},
  YEAR =         {2009}
}

@BOOK{dattanew,
    author = {Datta, Supriyo},
    publisher = {Cambridge University Press},
    title = {Quantum Transport: from atom to transistor},
    year = {2005}
}


@BOOK{datta1995,
    author = {Datta, Supriyo},
    howpublished = {Paperback},
    isbn = {0521599431},
    month = {May},
    posted-at = {2009-03-22 21:12:44},
    priority = {2},
    publisher = {Cambridge University Press},
    title = {Electronic Transport in Mesoscopic Systems (Cambridge Studies in Semiconductor Physics and Microelectronic Engineering)},
    year = {1997}
}




@Article{aaareview,
  title = {Spintronics: Fundamentals and applications},
  author = {\ifmmode \check{Z}\else \v{Z}\fi{}uti\ifmmode \acute{c}\else \'{c}\fi{}, Igor  and Fabian, Jaroslav  and Das Sarma, S. },
  journal = {Rev. Mod. Phys.},
  volume = {76},
  number = {2},
  pages = {323--410},
  numpages = {87},
  year = {2004},
  month = {Apr},
  doi = {10.1103/RevModPhys.76.323},
  publisher = {American Physical Society}
}

@article{bhanson,
author = {R. Hanson and L. P. Kouwenhoven and J. R. Petta and S. Tarucha and L. M. K. Vandersypen},
collaboration = {},
title = {Spins in few-electron quantum dots},
publisher = {APS},
year = {2007},
journal = {Reviews of Modern Physics},
volume = {79},
number = {4},
eid = {1217},
numpages = {49},
pages = {1217},
keywords = {magnetoelectronics; Heisenberg model; exchange interactions (electron); quantum dots; spin-orbit interactions; electron traps; hyperfine interactions; quantum entanglement; magnetic moments; measurement theory},
url = {http://link.aps.org/abstract/RMP/v79/p1217},
doi = {10.1103/RevModPhys.79.1217}
}

@Article{loss,
  title = {Noise of entangled electrons: Bunching and antibunching},
  author = {Burkard, G.  and Loss, D.  and Sukhorukov, E. V.},
  journal = {Phys. Rev. B},
  volume = {61},
  number = {24},
  pages = {R16303--R16306},
  numpages = {3},
  year = {2000},
  month = {Jun},
  doi = {10.1103/PhysRevB.61.R16303},
  publisher = {American Physical Society}
}

@ARTICLE{Hofstetter,
  AUTHOR =       {Hofstetter, L. and Csonka, S. and Nygard, J. and Schonenberger, C.},
  TITLE =        {Cooper pair splitter realized in a two-quantum-dot Y-junction},
  JOURNAL =      {Nature},
  YEAR =         {2009},
  volume =       {461},
  pages =        {960}
  }



@Article{Herrmann,
  title = {Carbon Nanotubes as Cooper-Pair Beam Splitters},
  author = {Herrmann, L. G. and Portier, F.  and Roche, P.  and Yeyati, A. Levy and Kontos, T.  and Strunk, C. },
  journal = {Phys. Rev. Lett.},
  volume = {104},
  number = {2},
  pages = {026801},
  numpages = {4},
  year = {2010},
  month = {Jan},
  doi = {10.1103/PhysRevLett.104.026801},
  publisher = {American Physical Society}
}

@Article{Mason,
  title = {Carbon nanotubes help pairs survive a breakup},
  author = {Nadya Mason},
  journal = {Physics},
  volume = {3},
  eid = {3},
  pages = {3},
  year = {2010},
  month = {Jan},
  doi = {10.1103/Physics.3.3},
  publisher = {The American Physical Society}
}




@article{Holleitner,
author = {Holleitner, A. W. and Blick, R. H. and Huttel, A. K. and Eberl, K. and Kotthaus, J. P.},
title = {{Probing and Controlling the Bonds of an Artificial Molecule}},
journal = {Science},
volume = {297},
number = {5578},
pages = {70-72},
doi = {10.1126/science.1071215},
year = {2002},
URL = {http://www.sciencemag.org/cgi/content/abstract/297/5578/70},
eprint = {http://www.sciencemag.org/cgi/reprint/297/5578/70.pdf}
}

@Article{Lesovik,
  AUTHOR = {Lesovik, G. B. and Martin, T. and Blatter, G.},
  TITLE = {Electronic entanglement in the vicinity of a superconductor},
  YEAR = 2001,
  JOURNAL = {European Physical Journal B},
  VOLUME = 24,
  NUMBER = 3,
  PAGES = {287 - 290},
  LANGUAGE = English,
  ISSN = {1434-6028},
  ABSTRACT = {A weakly biased normal-metal-superconductor junction is considered as a potential
  device injecting entangled pairs of quasi-particles into a normal-metal lead. The two-particle states arise from Cooper pairs decaying into the normal lead and are characterized by entangled spin- and orbital degrees of freedom. The separation of the entangled quasi-particles is achieved with a fork geometry and normal leads containing spin- or energy-selective filters. This solid state entangler is characterized by noise cross-correlations which are identical to the noise in one lead, a signature consistent with entanglement. A connection to Bell-type experiments is envisioned (cond-mat/0009193).},
  DATE = DEC
}

@Article{feinberg1,
  title = {Spin-current noise and Bell inequalities in a realistic superconductor-quantum dot entangler},
  author = {Sauret, Olivier  and Martin, Thierry  and Feinberg, Denis },
  journal = {Phys. Rev. B},
  volume = {72},
  number = {2},
  pages = {024544},
  numpages = {7},
  year = {2005},
  month = {Jul},
  doi = {10.1103/PhysRevB.72.024544},
  publisher = {American Physical Society}
}


@Article{feinberg2,
  title = {Spin-Current Shot Noise as a Probe of Interactions in Mesoscopic Systems},
  author = {Sauret, O.  and Feinberg, D. },
  journal = {Phys. Rev. Lett.},
  volume = {92},
  number = {10},
  pages = {106601},
  numpages = {4},
  year = {2004},
  month = {Mar},
  doi = {10.1103/PhysRevLett.92.106601},
  publisher = {American Physical Society}
}

@article{feinberg3,
author = {P. Simon and D. Feinberg},
collaboration = {},
title = {Electronic Spin Precession and Interferometry from Spin-Orbital Entanglement in a Double Quantum Dot},
publisher = {APS},
year = {2006},
journal = {Phys. Rev. Lett.},
volume = {97},
number = {24},
eid = {247207},
numpages = {4},
pages = {247207},
url = {http://link.aps.org/abstract/PRL/v97/e247207},
doi = {10.1103/PhysRevLett.97.247207}
}

@article{feinberg4,
  author={V Bouchiat and N Chtchelkatchev and D Feinberg and G B Lesovik and T Martin and J Torres},
  title={Single-walled carbon nanotube\&ndash;superconductor entangler: noise correlations and Einstein\&ndash;Podolsky\&ndash;Rosen states},
  journal={Nanotechnology},
  volume={14},
  number={1},
  pages={77-85},
  url={http://stacks.iop.org/0957-4484/14/77},
  year={2003},
  }

@article{Zhang,
  author={Peng Zhang and Yu-xian Li},
  title={Andreev reflection and shot noise in a quantum dot with phonon modes},
  journal={Journal of Physics: Condensed Matter},
  volume={21},
  number={9},
  pages={095602 (8pp)},
  url={http://stacks.iop.org/0953-8984/21/095602},
  year={2009},
  }


@article{nguyen,
author = {Thi Kim Thanh Nguyen and Thibaut Jonckheere and Adeline Cr\'{e}pieux and Ai Viet Nguyen and Thierry Martin},
collaboration = {},
title = {Photoassisted Andreev reflection as a probe of quantum noise},
publisher = {APS},
year = {2007},
journal = {Phys. Rev. B},
volume = {76},
number = {3},
eid = {035421},
numpages = {17},
pages = {035421},
keywords = {quantum noise; superconductive tunnelling; Cooper pairs; mesoscopic systems; quantum dots; Coulomb blockade; quantum point contacts},
url = {http://link.aps.org/abstract/PRB/v76/e035421},
doi = {10.1103/PhysRevB.76.035421}
}

@Article{Hyun,
  title = {Current and noise expressions for radio-frequency single-electron transistors},
  author = {Oh, Jung Hyun and Ahn, D.  and Hwang, S. W.},
  journal = {Phys. Rev. B},
  volume = {72},
  number = {16},
  pages = {165348},
  numpages = {17},
  year = {2005},
  month = {Oct},
  doi = {10.1103/PhysRevB.72.165348},
  publisher = {American Physical Society}
}

@Article{Avishai,
  title = {Superconductor-quantum dot-superconductor junction in the Kondo regime},
  author = {Avishai, Yshai  and Golub, Anatoly  and Zaikin, Andrei D.},
  journal = {Phys. Rev. B},
  volume = {67},
  number = {4},
  pages = {041301},
  numpages = {4},
  year = {2003},
  month = {Jan},
  doi = {10.1103/PhysRevB.67.041301},
  publisher = {American Physical Society}
}

@Article{buttiker1,
  title = {Scattering theory of thermal and excess noise in open conductors},
  author = {B\"uttiker, M. },
  journal = {Phys. Rev. Lett.},
  volume = {65},
  number = {23},
  pages = {2901--2904},
  numpages = {3},
  year = {1990},
  month = {Dec},
  doi = {10.1103/PhysRevLett.65.2901},
  publisher = {American Physical Society}
}


@Article{buttiker2,
  title = {Scattering theory of current and intensity noise correlations in conductors and wave guides},
  author = {B\"uttiker, M. },
  journal = {Phys. Rev. B},
  volume = {46},
  number = {19},
  pages = {12485--12507},
  numpages = {22},
  year = {1992},
  month = {Nov},
  doi = {10.1103/PhysRevB.46.12485},
  publisher = {American Physical Society}
}

@Article{buttiker3,
  title = {Reversing the sign of current-current correlations},
  author = {M. Buttiker},
  journal = {cond-mat/0209031v1},
  year = {2002}
  }



@article{siqueira2,
author = {E. C. Siqueira and G. G. Cabrera},
collaboration = {},
title = {Magnetoresistance and transistor-like behavior of a double quantum-dot via crossed Andreev reflections},
publisher = {AIP},
year = {2012},
journal = {Journal of Applied Physics},
volume = {111},
number = {11},
eid = {113905},
numpages = {9},
pages = {113905},
doi = {10.1063/1.4723000}
}


@Article{Cottet1,
  title = {Positive cross-correlations due to dynamical channel blockade in a three-terminal quantum dot},
  author = {Cottet, A.  and Belzig, W.  and Bruder, C. },
  journal = {Phys. Rev. B},
  volume = {70},
  number = {11},
  pages = {115315},
  numpages = {17},
  year = {2004},
  month = {Sep},
  doi = {10.1103/PhysRevB.70.115315},
  publisher = {American Physical Society}
}

@Article{Cottet2,
  title = {Positive Cross Correlations in a Three-Terminal Quantum Dot with Ferromagnetic Contacts},
  author = {Cottet, A.  and Belzig, W.  and Bruder, C. },
  journal = {Phys. Rev. Lett.},
  volume = {92},
  number = {20},
  pages = {206801},
  numpages = {4},
  year = {2004},
  month = {May},
  doi = {10.1103/PhysRevLett.92.206801},
  publisher = {American Physical Society}
}

@Article{Texier,
  title = {Effect of incoherent scattering on shot noise correlations in the quantum Hall regime},
  author = {Texier, Christophe  and B\"uttiker, Markus },
  journal = {Phys. Rev. B},
  volume = {62},
  number = {11},
  pages = {7454--7458},
  numpages = {4},
  year = {2000},
  month = {Sep},
  doi = {10.1103/PhysRevB.62.7454},
  publisher = {American Physical Society}
}


@article{oberholzer,
author = {S. Oberholzer and E. Bieri and C. Sch\"{o}nenberger and M. Giovannini and J. Faist},
collaboration = {},
title = {Positive Cross Correlations in a Normal-Conducting Fermionic Beam Splitter},
publisher = {APS},
year = {2006},
journal = {Phys. Rev. Lett.},
volume = {96},
number = {4},
eid = {046804},
numpages = {4},
pages = {046804},
keywords = {current fluctuations; optical beam splitters; electron gas; quantum Hall effect; mesoscopic systems},
url = {http://link.aps.org/abstract/PRL/v96/e046804},
doi = {10.1103/PhysRevLett.96.046804}
}

@article{Luo,
  author={JunYan Luo and Xin-Qi Li and YiJing Yan},
  title={Spin-dependent current noises in transport through coupled quantum dots},
  journal={Journal of Physics: Condensed Matter},
  volume={20},
  number={34},
  pages={345215 (7pp)},
  url={http://stacks.iop.org/0953-8984/20/345215},
  year={2008},
  }


@article{weymann,
author = {Ireneusz Weymann},
collaboration = {},
title = {Effects of different geometries on the conductance, shot noise, and tunnel magnetoresistance of double quantum dots},
publisher = {APS},
year = {2008},
journal = {Phys. Rev. B},
volume = {78},
number = {4},
eid = {045310},
numpages = {14},
pages = {045310},
keywords = {Coulomb blockade; electrical conductivity; leakage currents; quantum dots; shot noise; spin polarised transport; tunnelling magnetoresistance},
url = {http://link.aps.org/abstract/PRB/v78/e045310},
doi = {10.1103/PhysRevB.78.045310}
}

@article{makk,
author = {P. Makk and Sz. Csonka and A. Halbritter},
collaboration = {},
title = {Effect of hydrogen molecules on the electronic transport through atomic-sized metallic junctions in the superconducting state},
publisher = {APS},
year = {2008},
journal = {Phys. Rev. B},
volume = {78},
number = {4},
eid = {045414},
numpages = {6},
pages = {045414},
keywords = {aluminium; ductility; eigenvalues and eigenfunctions; electric admittance; hydrogen; indium; lead; microelectrodes; necking; niobium; plasticity; superconducting energy gap; tantalum; tin; type II superconductors},
url = {http://link.aps.org/abstract/PRB/v78/e045414},
doi = {10.1103/PhysRevB.78.045414}
}






@ARTICLE{andreevref,
  AUTHOR =       "Andreev, A. F.",
  TITLE =        "THE THERMAL CONDUCTIVITY OF THE INTERMEDIATE STATE IN SUPERCONDUCTORS",
  JOURNAL =      "Sov. Phys. JETP",
  YEAR =         "1964",
  volume =       "19",
  number =       "5",
  pages =        "1228-1231",
}


 @Article{scheer,
  AUTHOR = {Scheer, E. and Agrait, N. and Cuevas, J. C. and Yeyati, A. L. and Ludoph, B. and Martin-Rodero, A. and Bollinger, G. R. and van Ruitenbeek, J. M. and Urbina, C.},
  TITLE = {The signature of chemical valence in the electrical conduction through a single-atom contact},
  YEAR = 1998,
  JOURNAL = {Nature},
  VOLUME = 394,
  NUMBER = 6689,
  PAGES = {154 - 157},
  ISSN = {0028-0836},
  DATE = {JUL 9}
}

@article{song,
author = {W. Song and E. E. Mendez and V. Kuznetsov and B. Nielsen},
collaboration = {},
title = {Shot noise in negative-differential-conductance devices},
publisher = {AIP},
year = {2003},
journal = {Applied Physics Letters},
volume = {82},
number = {10},
pages = {1568-1570},
keywords = {shot noise; semiconductor device noise; resonant tunnelling diodes; semiconductor superlattices; tunnel diodes; semiconductor device measurement},
url = {http://link.aip.org/link/?APL/82/1568/1},
doi = {10.1063/1.1558953}
}

@Article{siqueira,
  title = {Andreev tunneling through a double quantum-dot system coupled to a ferromagnet and a superconductor: Effects of mean-field electronic correlations},
  author = {Siqueira, E. C. and Cabrera, G. G.},
  journal = {Phys. Rev. B},
  volume = {81},
  number = {9},
  pages = {094526},
  numpages = {10},
  year = {2010},
  month = {Mar},
  doi = {10.1103/PhysRevB.81.094526},
  publisher = {American Physical Society}
}


@Article{Beenakker,
  title = {Random-matrix theory of quantum transport},
  author = {Beenakker, C. W. J.},
  journal = {Rev. Mod. Phys.},
  volume = {69},
  number = {3},
  pages = {731--808},
  numpages = {77},
  year = {1997},
  month = {Jul},
  doi = {10.1103/RevModPhys.69.731},
  publisher = {American Physical Society}
}





@Article{claro,
  title = {Electronic transport in hybrid mesoscopic structures:\hskip0.3em{}A nonequilibrium Green function approach},
  author = {Zeng, Zhao Yang and Li, Baowen  and Claro, F. },
  journal = {Phys. Rev. B},
  volume = {68},
  number = {11},
  pages = {115319},
  numpages = {25},
  year = {2003},
  month = {Sep},
  doi = {10.1103/PhysRevB.68.115319},
  publisher = {American Physical Society}
}



@article{spin-diode,
author = {F. M. Souza and J. C. Egues and A. P. Jauho},
collaboration = {},
title = {Quantum dot as a spin-current diode: A master-equation approach},
publisher = {APS},
year = {2007},
journal = {Phys. Rev. B},
volume = {75},
number = {16},
eid = {165303},
numpages = {7},
pages = {165303},
keywords = {quantum dots; ferromagnetism; spin polarised transport; Green's function methods; HF calculations; rectification; magnetoelectronics; semiconductor diodes},
url = {http://link.aps.org/abstract/PRB/v75/e165303},
doi = {10.1103/PhysRevB.75.165303}
}


%outras%

@article{blanter,
title = "Shot noise in mesoscopic conductors",
journal = "Physics Reports",
volume = "336",
number = "1-2",
pages = "1 - 166",
year = "2000",
note = "",
issn = "0370-1573",
doi = "DOI: 10.1016/S0370-1573(99)00123-4",
url = "http://www.sciencedirect.com/science/article/B6TVP-41181T8-1/2/ad30e5dd6eb29b6b8bb174d69a7fbb6b",
author = "Ya. M. Blanter and M. Büttiker",
keywords = "Fluctuations",
keywords = "Shot noise",
keywords = "Mesoscopic systems",
keywords = "Kinetic theory"
}

%REFERENCIAS DA SEÇÃO OUR "EXPERTISE"%

@Article{egues-prl,
  title = {Spin-Dependent Perpendicular Magnetotransport through a Tunable $ZnSe/Zn1-xMnxSe$ Heterostructure: A Possible Spin Filter?},
  author = {Egues, J. Carlos},
  journal = {Phys. Rev. Lett.},
  volume = {80},
  number = {20},
  pages = {4578--4581},
  numpages = {3},
  year = {1998},
  month = {May},
  doi = {10.1103/PhysRevLett.80.4578},
  publisher = {American Physical Society}
}

@article{jmmm,
title = "Shot noise in spin-polarized currents",
journal = "Journal of Magnetism and Magnetic Materials",
volume = "226-230",
number = "Part 1",
pages = "457 - 459",
year = "2001",
note = "",
issn = "0304-8853",
author = "F. G. Brito and J. F. Estanislau and J. C. Egues",
keywords = "Spin-dependent scattering",
keywords = "Spin fluctuations",
keywords = "Semiconductors--semimagnetic"
}

@article{egues1,
author = {J. Carlos Egues and Guido Burkard and Daniel Loss},
collaboration = {},
title = {Datta--Das transistor with enhanced spin control},
publisher = {AIP},
year = {2003},
journal = {Applied Physics Letters},
volume = {82},
number = {16},
pages = {2658-2660},
doi = {10.1063/1.1564867}
}

@Article{egues2,
  title = {Nonballistic Spin-Field-Effect Transistor},
  author = {Schliemann, John  and Egues, J. Carlos and Loss, Daniel },
  journal = {Phys. Rev. Lett.},
  volume = {90},
  number = {14},
  pages = {146801},
  numpages = {4},
  year = {2003},
  month = {Apr},
  doi = {10.1103/PhysRevLett.90.146801},
  publisher = {American Physical Society}
}


@Article{ebl,
  title = {Rashba Spin-Orbit Interaction and Shot Noise for Spin-Polarized and Entangled Electrons},
  author = {Egues, J. Carlos and Burkard, Guido  and Loss, Daniel },
  journal = {Phys. Rev. Lett.},
  volume = {89},
  number = {17},
  pages = {176401},
  numpages = {4},
  year = {2002},
  month = {Oct},
  doi = {10.1103/PhysRevLett.89.176401},
  publisher = {American Physical Society}
}

@Article{mfe,
author = {Mireles, F. and Freire, H.J.P. and Egues, J. Carlos,},
title={},
journal = {(in preparation)}
}


@article{freire1,
  AUTHOR = {Freire, H. J. P. and Egues, J. C.},
  TITLE = {Shubnikov-de Haas oscillations in digital magnetic heterostructures},
  YEAR = 2004,
  JOURNAL = {Brazilian Journal of Physics},
  VOLUME = 34,
  NUMBER = 2B,
  PAGES = {614 - 616},
  LANGUAGE = English,
  ISSN = {0103-9733},
  ABSTRACT = {In this paper we theoretically investigate the magnetic-field and temperature dependence of the Shubnikov-de Haas oscillations in group II-VI modulation-doped Digital Magnetic Heterostructures. We self-consistently solve the effective-mass Schrodinger equation within the Hartree approximation and calculate the electronic structure and the magneto-transport properties. Our results show i) a shift of the Shubnikov-de Haas minima to lower magnetic fields with increasing temperature, and ii) an anomalous oscillation which develops when two opposite Landau levels cross near the Fermi energy. Both of these are consistent with recent magneto-tran sport measurements in such heterostructures [R. Knobel et al., Phys. Rev. B 65, 235327 (2002)].},
  DATE = JUN
}

@article{freire2,
  AUTHOR = {Freire, H. J. P. and Egues, J. C.},
  TITLE = {"Reservoir model" for shallow modulation-doped digital magnetic quantum wells},
  YEAR = 2003,
  JOURNAL = {Journal of Superconductivity},
  VOLUME = 16,
  NUMBER = 2,
  PAGES = {299 - 302},
  LANGUAGE = English,
  ISSN = {0896-1107},
  KEYWORDS = {digital magnetic heterostructures; spin-polarized magneto transport; magnetic semiconductors; DFT/LSDA},
  DATE = APR
}

@article{freire3,
author = {Henrique J. P. Freire and J. Carlos Egues},
collaboration = {},
title = {Hysteretic Resistance Spikes in Quantum Hall Ferromagnets without Domains},
publisher = {APS},
year = {2007},
journal = {Phys. Rev. Lett.},
volume = {99},
number = {2},
eid = {026801},
numpages = {4},
pages = {026801},
url = {http://link.aps.org/abstract/PRL/v99/e026801},
doi = {10.1103/PhysRevLett.99.026801}
}



@article{shot-noise,
author = {F. M. Souza and A. P. Jauho and J. C. Egues},
collaboration = {},
title = {Spin-polarized current and shot noise in the presence of spin flip in a quantum dot via nonequilibrium Green's functions},
publisher = {APS},
year = {2008},
journal = {Phys. Rev. B},
volume = {78},
number = {15},
eid = {155303},
numpages = {12},
pages = {155303},
keywords = {ferromagnetism; Green's function methods; quantum dots; shot noise; spin polarised transport},
doi = {10.1103/PhysRevB.78.155303}
}

@Article{khat,
  title = {Spin injection across magnetic/nonmagnetic interfaces with finite magnetic layers},
  author = {Khaetskii, Alexander  and Egues, J. Carlos and Loss, Daniel  and Gould, Charles  and Schmidt, Georg  and Molenkamp, Laurens W.},
  journal = {Phys. Rev. B},
  volume = {71},
  number = {23},
  pages = {235327},
  numpages = {6},
  year = {2005},
  month = {Jun},
  doi = {10.1103/PhysRevB.71.235327},
  publisher = {American Physical Society}
}

@article{bernardes,
author = {Esmerindo Bernardes and John Schliemann and Minchul Lee and J. Carlos Egues and Daniel Loss},
collaboration = {},
title = {Spin-Orbit Interaction in Symmetric Wells with Two Subbands},
publisher = {APS},
year = {2007},
journal = {Phys. Rev. Lett.},
volume = {99},
number = {7},
eid = {076603},
numpages = {4},
pages = {076603},
doi = {10.1103/PhysRevLett.99.076603}
}

%OUR APPROACH%

@Article{rammer,
  title = {Quantum field-theoretical methods in transport theory of metals},
  author = {Rammer, J.  and Smith, H. },
  journal = {Rev. Mod. Phys.},
  volume = {58},
  number = {2},
  pages = {323--359},
  numpages = {36},
  year = {1986},
  month = {Apr},
  doi = {10.1103/RevModPhys.58.323},
  publisher = {American Physical Society}
}


@ARTICLE{keldysh,
  AUTHOR =       "Keldysh, L. V.",
  TITLE =        "Diagram tecnique for nonequilibrium processes",
  JOURNAL =      JETP,
  YEAR =         "1965",
  volume =       "20",
  number =       "4",
  pages =        "1018-1026",
  month =        "Abril"
}


@BOOK{kadanoff,
  AUTHOR =       "Kadanoff, L.P. and Baym,G.",
  TITLE =        "Quantum Statistical Mechanics",
  PUBLISHER =    "Benjammim, Inc.",
  YEAR =         "1962",
}


@book{haug,
    address = {Berlin},
    author = {Haug, H. and Jauho, A. P.},
    publisher = {Springer},
    title = {Quantum Kinetics in Transport and Optics of Semiconductors},
    year = {1996}
}
@BOOK{diventra,
  AUTHOR =       {Di Ventra, Massimiliano},
  TITLE =        {Electrical Transport in Nanoscale Systems},
  PUBLISHER =    {Cambridge University Press},
  YEAR =         {2008},
  address =      {Cambridge}
}

@Article{anderson,
  title = {Localized Magnetic States in Metals},
  author = {Anderson, P. W.},
  journal = {Phys. Rev.},
  volume = {124},
  number = {1},
  pages = {41--53},
  numpages = {12},
  year = {1961},
  month = {Oct},
  doi = {10.1103/PhysRev.124.41},
  publisher = {American Physical Society}
}



@Article{BCS,
  title = {Microscopic Theory of Superconductivity},
  author = {Bardeen, J.  and Cooper, L. N. and Schrieffer, J. R.},
  journal = {Phys. Rev.},
  volume = {106},
  number = {1},
  pages = {162--164},
  numpages = {2},
  year = {1957},
  month = {Apr},
  doi = {10.1103/PhysRev.106.162},
  publisher = {American Physical Society}
}



@book{fazekas,
    address = {Singapore},
    author = {Fazekas, P.},
    publisher = {World Scientific},
    title = {Lecture notes on Electron Correlations and Magnetism},
    year = {1999}
}

@Article{QFSun1,
  title = {Double quantum dots: Kondo resonance induced by an interdot interaction},
  author = {Sun, Qing-feng  and Guo, Hong },
  journal = {Phys. Rev. B},
  volume = {66},
  number = {15},
  pages = {155308},
  numpages = {9},
  year = {2002},
  month = {Oct},
  doi = {10.1103/PhysRevB.66.155308},
  publisher = {American Physical Society}
}

@Article{QFSun2,
  title = {Writing spin in a quantum dot with ferromagnetic and superconducting electrodes},
  author = {Zhu, Yu  and Lin, Tsung-han  and Sun, Qing-feng },
  journal = {Phys. Rev. B},
  volume = {69},
  number = {12},
  pages = {121302},
  numpages = {4},
  year = {2004},
  month = {Mar},
  doi = {10.1103/PhysRevB.69.121302},
  publisher = {American Physical Society}
}

@Article{QFSun3,
  title = {Excess Kondo Resonance in a Quantum Dot Device with Normal and Superconducting Leads: The Physics of Andreev-Normal Co-tunneling},
  author = {Sun, Qing-feng  and Guo, Hong  and Lin, Tsung-han },
  journal = {Phys. Rev. Lett.},
  volume = {87},
  number = {17},
  pages = {176601},
  numpages = {4},
  year = {2001},
  month = {Oct},
  doi = {10.1103/PhysRevLett.87.176601},
  publisher = {American Physical Society}
}



@Article{aaareview,
  title = {Spintronics: Fundamentals and applications},
  author = {\ifmmode \check{Z}\else \v{Z}\fi{}uti\ifmmode \acute{c}\else \'{c}\fi{}, Igor  and Fabian, Jaroslav  and Das Sarma, S. },
  journal = {Rev. Mod. Phys.},
  volume = {76},
  number = {2},
  pages = {323--410},
  numpages = {87},
  year = {2004},
  month = {Apr},
  doi = {10.1103/RevModPhys.76.323},
  publisher = {American Physical Society}
}

@article{bhanson,
author = {R. Hanson and L. P. Kouwenhoven and J. R. Petta and S. Tarucha and L. M. K. Vandersypen},
collaboration = {},
title = {Spins in few-electron quantum dots},
publisher = {APS},
year = {2007},
journal = {Reviews of Modern Physics},
volume = {79},
number = {4},
eid = {1217},
numpages = {49},
pages = {1217},
keywords = {magnetoelectronics; Heisenberg model; exchange interactions (electron); quantum dots; spin-orbit interactions; electron traps; hyperfine interactions; quantum entanglement; magnetic moments; measurement theory},
url = {http://link.aps.org/abstract/RMP/v79/p1217},
doi = {10.1103/RevModPhys.79.1217}
}



@Article{Meissner,
  title = {Superconductivity of Contacts with Interposed Barriers},
  author = {Meissner, Hans },
  journal = {Phys. Rev.},
  volume = {117},
  number = {3},
  pages = {672--680},
  numpages = {8},
  year = {1960},
  month = {Feb},
  doi = {10.1103/PhysRev.117.672},
  publisher = {American Physical Society}
}


@ARTICLE{andreevref,
  AUTHOR =       "Andreev, A. F.",
  TITLE =        "THE THERMAL CONDUCTIVITY OF THE INTERMEDIATE STATE IN SUPERCONDUCTORS",
  JOURNAL =      "Sov. Phys. JETP",
  YEAR =         "1964",
  volume =       "19",
  number =       "5",
  pages =        "1228-1231",
}

 @Article{Beenakker1,
  AUTHOR = {C. J. W. Beenakker},
  TITLE = {Why does a metal superconductor junction
have a resistance?},
  YEAR = 1999,
  journal = {cond-mat/9909293v2}

}



@BOOK{zagoskin,
  AUTHOR =       "Zagoskin, A. M",
  TITLE =        "Quantum Theory of Many-Body Systems",
  PUBLISHER =    "Springer",
  YEAR =         "1998"

}

@article{Soulen,
author = {Soulen, R. J., Jr. and Byers, J. M. and Osofsky, M. S. and Nadgorny, B. and Ambrose, T. and Cheng, S. F. and Broussard, P. R. and Tanaka, C. T. and Nowak, J. and Moodera, J. S. and Barry, A. and Coey, J. M.&nbsp;D.},
title = {{Measuring the Spin Polarization of a Metal with a Superconducting Point Contact}},
journal = {Science},
volume = {282},
number = {5386},
pages = {85-88},
doi = {10.1126/science.282.5386.85},
year = {1998}
}

@Article{buzdin,
  title = {Proximity effects in superconductor-ferromagnet heterostructures},
  author = {Buzdin, A. I.},
  journal = {Rev. Mod. Phys.},
  volume = {77},
  number = {3},
  pages = {935--976},
  numpages = {41},
  year = {2005},
  month = {Sep},
  doi = {10.1103/RevModPhys.77.935},
  publisher = {American Physical Society}
}


@Article{Deutscherreview,
  title = {Andreev--Saint-James reflections: A probe of cuprate superconductors},
  author = {Deutscher, Guy },
  journal = {Rev. Mod. Phys.},
  volume = {77},
  number = {1},
  pages = {109--135},
  numpages = {26},
  year = {2005},
  month = {Mar},
  doi = {10.1103/RevModPhys.77.109},
  publisher = {American Physical Society}
}

@Article{Likharev,
  title = {Superconducting weak links},
  author = {Likharev, K. K.},
  journal = {Rev. Mod. Phys.},
  volume = {51},
  number = {1},
  pages = {101--159},
  numpages = {58},
  year = {1979},
  month = {Jan},
  doi = {10.1103/RevModPhys.51.101},
  publisher = {American Physical Society}
}

@Article{GENNES,
  title = {Boundary Effects in Superconductors},
  author = {de Gennes, P. G.},
  journal = {Rev. Mod. Phys.},
  volume = {36},
  number = {1},
  pages = {225--237},
  numpages = {12},
  year = {1964},
  month = {Jan},
  doi = {10.1103/RevModPhys.36.225},
  publisher = {American Physical Society}
}

@Article{Giaever,
  title = {Electron tunneling and superconductivity},
  author = {Giaever, Ivar },
  journal = {Rev. Mod. Phys.},
  volume = {46},
  number = {2},
  pages = {245--250},
  numpages = {5},
  year = {1974},
  month = {Apr},
  doi = {10.1103/RevModPhys.46.245},
  publisher = {American Physical Society}
}
@Article{Golubov1,
  title = {The current-phase relation in Josephson junctions},
  author = {Golubov, A. A. and Kupriyanov, M. Yu. and Il'ichev, E. },
  journal = {Rev. Mod. Phys.},
  volume = {76},
  number = {2},
  pages = {411--469},
  numpages = {58},
  year = {2004},
  month = {Apr},
  doi = {10.1103/RevModPhys.76.411},
  publisher = {American Physical Society}
}
@article{Agrait,
title = "Quantum properties of atomic-sized conductors",
journal = "Physics Reports",
volume = "377",
number = "2-3",
pages = "81 - 279",
year = "2003",
note = "",
issn = "0370-1573",
doi = "DOI: 10.1016/S0370-1573(02)00633-6",
url = "http://www.sciencedirect.com/science/article/B6TVP-4812817-1/2/1a53dc64552e6925e4fc4bb123b5cae8",
author = "Nicolás Agraït and Alfredo Levy Yeyati and Jan M. van Ruitenbeek"
}
@Article{Pannetier,
  AUTHOR = {Pannetier, B. and Courtois, H.},
  TITLE = {Andreev reflection and proximity effect},
  YEAR = 2000,
  JOURNAL = {Journal of low temperature physics},
  VOLUME = 118,
  NUMBER = {5-6},
  PAGES = {599 - 615},
  LANGUAGE = English,
  ISSN = {0022-2291},
  DATE = MAR
}

@article{Kroemer,
title = "Induced superconductivity in InAs quantum wells with superconducting contacts",
journal = "Superlattices and Microstructures",
volume = "21",
number = "1",
pages = "61 - 67",
year = "1997",
note = "",
issn = "0749-6036",
doi = "DOI: 10.1006/spmi.1996.0169",
url = "http://www.sciencedirect.com/science/article/B6WXB-45M2Y40-27/2/179b913e26cce9c17be2c43aea2933f9",
author = "Herbert Kroemer and Mason Thomas",
keywords = "superconductivity; weak links; InAs"
}

@article{Claughton,
  author={N R Claughton and M Leadbeater and C J Lambert},
  title={Theory of Andreev resonances in quantum dots},
  journal={Journal of Physics: Condensed Matter},
  volume={7},
  number={46},
  pages={8757},
  url={http://stacks.iop.org/0953-8984/7/i=46/a=007},
  year={1995}
  }


@Article{Kleinsasser,
  title = {Observation of multiple Andreev reflections in superconducting tunnel junctions},
  author = {Kleinsasser, A. W. and Miller, R. E. and Mallison, W. H. and Arnold, G. B.},
  journal = {Phys. Rev. Lett.},
  volume = {72},
  number = {11},
  pages = {1738--1741},
  numpages = {3},
  year = {1994},
  month = {Mar},
  doi = {10.1103/PhysRevLett.72.1738},
  publisher = {American Physical Society}
}
@Article{Post,
  title = {Subgap Structure as Function of the Barrier in Atom-Size Superconducting Tunnel Junctions},
  author = {van der Post, N.  and Peters, E. T. and Yanson, I. K. and van Ruitenbeek, J. M.},
  journal = {Phys. Rev. Lett.},
  volume = {73},
  number = {19},
  pages = {2611--2613},
  numpages = {2},
  year = {1994},
  month = {Nov},
  doi = {10.1103/PhysRevLett.73.2611},
  publisher = {American Physical Society}
}

@article{Yeyati2,
  author={A Levy Yeyati and A Martin-Rodero and J C Cuevas},
  title={The phase-dependent linear conductance of a superconducting quantum point contact},
  journal={Journal of Physics: Condensed Matter},
  volume={8},
  number={4},
  pages={449},
  url={http://stacks.iop.org/0953-8984/8/i=4/a=010},
  year={1996}
  }

@Article{Takagaki,
  title = {Quantized conductance in semiconductor-superconductor-junction quantum point contacts},
  author = {Takagaki, Yukihiko  and Takayanagi, Hideaki },
  journal = {Phys. Rev. B},
  volume = {53},
  number = {21},
  pages = {14530--14533},
  numpages = {3},
  year = {1996},
  month = {Jun},
  doi = {10.1103/PhysRevB.53.14530},
  publisher = {American Physical Society}
}

@Article{Akazaki,
  title = {Observation of Maximum Supercurrent Quantization in a Superconducting Quantum Point Contact},
  author = {Takayanagi, Hideaki  and Akazaki, Tatsushi  and Nitta, Junsaku },
  journal = {Phys. Rev. Lett.},
  volume = {75},
  number = {19},
  pages = {3533--3536},
  numpages = {3},
  year = {1995},
  month = {Nov},
  doi = {10.1103/PhysRevLett.75.3533},
  publisher = {American Physical Society}
}

@Article{Kastalsky6,
  title = {Observation of pair currents in superconductor-semiconductor contacts},
  author = {Kastalsky, A.  and Kleinsasser, A. W. and Greene, L. H. and Bhat, R.  and Milliken, F. P. and Harbison, J. P.},
  journal = {Phys. Rev. Lett.},
  volume = {67},
  number = {21},
  pages = {3026--3029},
  numpages = {3},
  year = {1991},
  month = {Nov},
  doi = {10.1103/PhysRevLett.67.3026},
  publisher = {American Physical Society}
}

@Article{Kleinsasser2,
  title = {Excess voltage and resistance in superconductor-semiconductor junctions},
  author = {Kleinsasser, A. W. and Kastalsky, A. },
  journal = {Phys. Rev. B},
  volume = {47},
  number = {13},
  pages = {8361--8364},
  numpages = {3},
  year = {1993},
  month = {Apr},
  doi = {10.1103/PhysRevB.47.8361},
  publisher = {American Physical Society}
}

@Article{Bakker,
  title = {Superconductivity and localization in thin polycrystalline tungsten-germanium films},
  author = {Bakker, S. J. M. and Jaeger, H. M. and Klapwijk, T. M. and van der Drift, E.  and Radelaar, S. },
  journal = {Phys. Rev. B},
  volume = {48},
  number = {6},
  pages = {4168--4171},
  numpages = {3},
  year = {1993},
  month = {Aug},
  doi = {10.1103/PhysRevB.48.4168},
  publisher = {American Physical Society}
}



@Article{Tuominen,
  title = {Experimental evidence for parity-based 2e periodicity in a superconducting single-electron tunneling transistor},
  author = {Tuominen, M. T. and Hergenrother, J. M. and Tighe, T. S. and Tinkham, M. },
  journal = {Phys. Rev. Lett.},
  volume = {69},
  number = {13},
  pages = {1997--2000},
  numpages = {3},
  year = {1992},
  month = {Sep},
  doi = {10.1103/PhysRevLett.69.1997},
  publisher = {American Physical Society}
}


@Article{Tuominen2,
  title = {Even-odd electron number effects in a small superconducting island: Magnetic-field dependence},
  author = {Tuominen, M. T. and Hergenrother, J. M. and Tighe, T. S. and Tinkham, M. },
  journal = {Phys. Rev. B},
  volume = {47},
  number = {17},
  pages = {11599--11602},
  numpages = {3},
  year = {1993},
  month = {May},
  doi = {10.1103/PhysRevB.47.11599},
  publisher = {American Physical Society}
}


@Article{Martinis,
  title = {Even-odd asymmetry of a superconductor revealed by the Coulomb blockade of Andreev reflection},
  author = {Eiles, T. M. and Martinis, John M. and Devoret, Michel H.},
  journal = {Phys. Rev. Lett.},
  volume = {70},
  number = {12},
  pages = {1862--1865},
  numpages = {3},
  year = {1993},
  month = {Mar},
  doi = {10.1103/PhysRevLett.70.1862},
  publisher = {American Physical Society}
}


@Article{Glazman2,
  title = {Coulomb blockade of two-electron tunneling},
  author = {Hekking, F. W. J. and Glazman, L. I. and Matveev, K. A. and Shekhter, R. I.},
  journal = {Phys. Rev. Lett.},
  volume = {70},
  number = {26},
  pages = {4138--4141},
  numpages = {3},
  year = {1993},
  month = {Jun},
  doi = {10.1103/PhysRevLett.70.4138},
  publisher = {American Physical Society}
}


@Article{Tuominen3,
  title = {Charge transport by Andreev reflection through a mesoscopic superconducting island},
  author = {Hergenrother, J. M. and Tuominen, M. T. and Tinkham, M. },
  journal = {Phys. Rev. Lett.},
  volume = {72},
  number = {11},
  pages = {1742--1745},
  numpages = {3},
  year = {1994},
  month = {Mar},
  doi = {10.1103/PhysRevLett.72.1742},
  publisher = {American Physical Society}
}


@Article{amar,
  title = {2e to e periodic pair currents in superconducting Coulomb-blockade electrometers},
  author = {Amar, A.  and Song, D.  and Lobb, C. J. and Wellstood, F. C.},
  journal = {Phys. Rev. Lett.},
  volume = {72},
  number = {20},
  pages = {3234--3237},
  numpages = {3},
  year = {1994},
  month = {May},
  doi = {10.1103/PhysRevLett.72.3234},
  publisher = {American Physical Society}
}

@Article{Hanke,
  title = {Static and dynamic transport in parity-sensitive systems},
  author = {Hanke, Ulrik  and Galperin, Yu.  and Chao, K. A. and Gisself\"alt, M.  and Jonson, M.  and Shekhter, R. I.},
  journal = {Phys. Rev. B},
  volume = {51},
  number = {14},
  pages = {9084--9095},
  numpages = {11},
  year = {1995},
  month = {Apr},
  doi = {10.1103/PhysRevB.51.9084},
  publisher = {American Physical Society}
}



@Article{RBT,
  title = {Spectroscopic Measurements of Discrete Electronic States in Single Metal Particles},
  author = {Ralph, D. C. and Black, C. T. and Tinkham, M. },
  journal = {Phys. Rev. Lett.},
  volume = {74},
  number = {16},
  pages = {3241--3244},
  numpages = {3},
  year = {1995},
  month = {Apr},
  doi = {10.1103/PhysRevLett.74.3241},
  publisher = {American Physical Society}
}


@Article{CuevasR,
  title = {Resonant tunneling through a small quantum dot coupled to superconducting leads },
  author = {Yeyati, A. Levy  and Cuevas, J. C.  and L\'opez-D\'avalos, A.  and Mart\'\i{}n-Rodero, A. },
  journal = {Phys. Rev. B},
  volume = {55},
  number = {10},
  pages = {R6137--R6140},
  numpages = {3},
  year = {1997},
  month = {Mar},
  doi = {10.1103/PhysRevB.55.R6137},
  publisher = {American Physical Society}
}


@Article{ando,
  title = {dc Josephson current through a quantum dot coupled with superconducting leads},
  author = {Ishizaka, Satoshi  and Sone, Jun'ichi  and Ando, Tsuneya },
  journal = {Phys. Rev. B},
  volume = {52},
  number = {11},
  pages = {8358--8362},
  numpages = {4},
  year = {1995},
  month = {Sep},
  doi = {10.1103/PhysRevB.52.8358},
  publisher = {American Physical Society}
}

@Article{Rosario,
  title = {Resonant Andreev Tunneling in Strongly Interacting Quantum Dots},
  author = {Fazio, Rosario  and Raimondi, Roberto },
  journal = {Phys. Rev. Lett.},
  volume = {80},
  number = {13},
  pages = {2913--2916},
  numpages = {3},
  year = {1998},
  month = {Mar},
  doi = {10.1103/PhysRevLett.80.2913},
  publisher = {American Physical Society}
}

@article{DeutscherFein,
author = {Guy Deutscher and Denis Feinberg},
collaboration = {},
title = {Coupling superconducting-ferromagnetic point contacts by Andreev reflections},
publisher = {AIP},
year = {2000},
journal = {Applied Physics Letters},
volume = {76},
number = {4},
pages = {487-489},
keywords = {ferromagnetism; point contacts; superconducting junction devices; electron spin polarisation; Cooper pairs; coherence length; superconductive tunnelling; interface magnetism},
url = {http://link.aip.org/link/?APL/76/487/1},
doi = {10.1063/1.125796}
}

@Article{Lyuksyutov,
  AUTHOR = {Lyuksyutov, I. F. and Pokrovsky, V. L.},
  TITLE = {Ferromagnet-superconductor hybrids},
  YEAR = 2005,
  JOURNAL = {ADVANCES IN PHYSICS},
  VOLUME = 54,
  NUMBER = 1,
  PAGES = {67 - 136},
  LANGUAGE = English,
  ISSN = {0001-8732},
  DATE = {JAN-FEB}
}



@Article{Buzdin,
  title = {Proximity effects in superconductor-ferromagnet heterostructures},
  author = {Buzdin, A. I.},
  journal = {Rev. Mod. Phys.},
  volume = {77},
  number = {3},
  pages = {935--976},
  numpages = {41},
  year = {2005},
  month = {Sep},
  doi = {10.1103/RevModPhys.77.935},
  publisher = {American Physical Society}
}


@Article{Beckmann,
  title = {Evidence for Crossed Andreev Reflection in Superconductor-Ferromagnet Hybrid Structures},
  author = {Beckmann, D.  and Weber, H. B. and v. L\"ohneysen, H. },
  journal = {Phys. Rev. Lett.},
  volume = {93},
  number = {19},
  pages = {197003},
  numpages = {4},
  year = {2004},
  month = {Nov},
  doi = {10.1103/PhysRevLett.93.197003},
  publisher = {American Physical Society}
}

@Article{Zimansky,
  title = {Nonlocal Correlations in Normal-Metal Superconducting Systems},
  author = {Cadden-Zimansky, P.  and Chandrasekhar, V. },
  journal = {Phys. Rev. Lett.},
  volume = {97},
  number = {23},
  pages = {237003},
  numpages = {4},
  year = {2006},
  month = {Dec},
  doi = {10.1103/PhysRevLett.97.237003},
  publisher = {American Physical Society}
}

@Article{Russo,
  title = {Experimental Observation of Bias-Dependent Nonlocal Andreev Reflection},
  author = {Russo, S.  and Kroug, M.  and Klapwijk, T. M. and Morpurgo, A. F.},
  journal = {Phys. Rev. Lett.},
  volume = {95},
  number = {2},
  pages = {027002},
  numpages = {4},
  year = {2005},
  month = {Jul},
  doi = {10.1103/PhysRevLett.95.027002},
  publisher = {American Physical Society}
}


@article{Zimansky2,
  author={P Cadden-Zimansky and Z Jiang and V Chandrasekhar},
  title={Charge imbalance, crossed Andreev reflection and elastic co-tunnelling in ferromagnet/superconductor/normal-metal structures},
  journal={New Journal of Physics},
  volume={9},
  number={5},
  pages={116},
  url={http://stacks.iop.org/1367-2630/9/i=5/a=116},
  year={2007}
  }


@Article{Asulin,
  title = {Evidence for crossed Andreev reflections in bilayers of (100)  $  YBa2 Cu3 O7-{}\delta{}  $  and the itinerant ferromagnet  $  SrRuO3  $ },
  author = {Asulin, Itay  and Yuli, Ofer  and Koren, Gad  and Millo, Oded },
  journal = {Phys. Rev. B},
  volume = {74},
  number = {9},
  pages = {092501},
  numpages = {4},
  year = {2006},
  month = {Sep},
  doi = {10.1103/PhysRevB.74.092501},
  publisher = {American Physical Society}
}



@article{spininjector,
author = {Zhigao Chen and Baigeng Wang and D. Y. Xing and Jian Wang},
collaboration = {},
title = {A spin injector},
publisher = {AIP},
year = {2004},
journal = {Applied Physics Letters},
volume = {85},
number = {13},
pages = {2553-2555},
doi = {10.1063/1.1793335}
}

@Article{Xiufeng,
  title = {Spin-dependent Andreev reflection tunneling through a quantum dot with intradot spin-flip scattering},
  author = {Cao, Xiufeng  and Shi, Yaoming  and Song, Xiaolong  and Zhou, Shiping  and Chen, Hao },
  journal = {Phys. Rev. B},
  volume = {70},
  number = {23},
  pages = {235341},
  numpages = {6},
  year = {2004},
  month = {Dec},
  doi = {10.1103/PhysRevB.70.235341},
  publisher = {American Physical Society}
}

@Article{Feng,
  title = {Tunneling resonances and Andreev reflection in transport of electrons through a ferromagnetic metal/quantum dot/superconductor system},
  author = {Feng, Jin-Fu  and Xiong, Shi-Jie },
  journal = {Phys. Rev. B},
  volume = {67},
  number = {4},
  pages = {045316},
  numpages = {7},
  year = {2003},
  month = {Jan},
  doi = {10.1103/PhysRevB.67.045316},
  publisher = {American Physical Society}
}



@Article{Sun,
  title = {Andreev reflection through a quantum dot coupled with two ferromagnets and a superconductor},
  author = {Zhu, Yu  and Sun, Qing-feng  and Lin, Tsung-han },
  journal = {Phys. Rev. B},
  volume = {65},
  number = {2},
  pages = {024516},
  numpages = {9},
  year = {2001},
  month = {Dec},
  doi = {10.1103/PhysRevB.65.024516},
  publisher = {American Physical Society}
}


@Article{Circuit,
  title = {Circuit theory of crossed Andreev reflection},
  author = {Morten, Jan Petter  and Brataas, Arne  and Belzig, Wolfgang },
  journal = {Phys. Rev. B},
  volume = {74},
  number = {21},
  pages = {214510},
  numpages = {11},
  year = {2006},
  month = {Dec},
  doi = {10.1103/PhysRevB.74.214510},
  publisher = {American Physical Society}
}

@Article{Benjamin,
  title = {Crossed Andreev reflection as a probe for the pairing symmetry of ferromagnetic superconductors},
  author = {Benjamin, Colin },
  journal = {Phys. Rev. B},
  volume = {74},
  number = {18},
  pages = {180503},
  numpages = {4},
  year = {2006},
  month = {Nov},
  doi = {10.1103/PhysRevB.74.180503},
  publisher = {American Physical Society}
}

@Article{Peysson,
  title = {Crossed Andreev reflection at ferromagnetic domain walls},
  author = {M\'elin, R.  and Peysson, S. },
  journal = {Phys. Rev. B},
  volume = {68},
  number = {17},
  pages = {174515},
  numpages = {14},
  year = {2003},
  month = {Nov},
  doi = {10.1103/PhysRevB.68.174515},
  publisher = {American Physical Society}
}


@Article{Brinkman,
  title = {Crossed Andreev reflection in diffusive contacts: Quasiclassical Keldysh-Usadel formalism},
  author = {Brinkman, A.  and Golubov, A. A.},
  journal = {Phys. Rev. B},
  volume = {74},
  number = {21},
  pages = {214512},
  numpages = {5},
  year = {2006},
  month = {Dec},
  doi = {10.1103/PhysRevB.74.214512},
  publisher = {American Physical Society}
}


@Article{Giazotto,
  title = {Crossed Andreev Reflection-Induced Magnetoresistance},
  author = {Giazotto, Francesco  and Taddei, Fabio  and Beltram, Fabio  and Fazio, Rosario },
  journal = {Phys. Rev. Lett.},
  volume = {97},
  number = {8},
  pages = {087001},
  numpages = {4},
  year = {2006},
  month = {Aug},
  doi = {10.1103/PhysRevLett.97.087001},
  publisher = {American Physical Society}
}


@Article{DeutscherCross,
  AUTHOR = {Deutscher, G.},
  TITLE = {Crossed Andreev reflections},
  YEAR = 2002,
  JOURNAL = {JOURNAL OF SUPERCONDUCTIVITY},
  VOLUME = 15,
  NUMBER = 1,
  PAGES = {43 - 47},
  LANGUAGE = English,
  ISSN = {0896-1107},
  KEYWORDS = {Andreev reflections; spin polarization effects},
  DATE = FEB
}


@Article{Melin,
  title = {Crossed conductance in ferromagnet/superconductor/ferromagnet double junctions: Role of out-of-equilibrium populations},
  author = {M\'elin, R. },
  journal = {Phys. Rev. B},
  volume = {72},
  number = {5},
  pages = {054503},
  numpages = {7},
  year = {2005},
  month = {Aug},
  doi = {10.1103/PhysRevB.72.054503},
  publisher = {American Physical Society}
}


@article{Bignon,
  author={G. Bignon and M. Houzet and F. Pistolesi and F. W. J. Hekking},
  title={Current-current correlations in hybrid superconducting and normal-metal multiterminal structures},
  journal={EPL (Europhysics Letters)},
  volume={67},
  number={1},
  pages={110},
  url={http://stacks.iop.org/0295-5075/67/i=1/a=110},
  year={2004},
  }


@Article{Yang,
  title = {Local and nonlocal entanglement for quasiparticle pairs induced by Andreev reflection},
  author = {Zeng, Zhao Yang and Zhou, Liling  and Hong, Jongbae  and Li, Baowen },
  journal = {Phys. Rev. B},
  volume = {74},
  number = {8},
  pages = {085312},
  numpages = {4},
  year = {2006},
  month = {Aug},
  doi = {10.1103/PhysRevB.74.085312},
  publisher = {American Physical Society}
}

@Article{Dolcini,
  title = {Multiple Andreev reflections in a quantum dot coupled to superconducting leads: Effect of spin-orbit coupling},
  author = {Dolcini, Fabrizio  and Dell'Anna, Luca },
  journal = {Phys. Rev. B},
  volume = {78},
  number = {2},
  pages = {024518},
  numpages = {10},
  year = {2008},
  month = {Jul},
  doi = {10.1103/PhysRevB.78.024518},
  publisher = {American Physical Society}
}


@Article{Citro,
  title = {Nonlocal pure spin current injection via quantum pumping and crossed Andreev reflection},
  author = {Benjamin, Colin  and Citro, Roberta },
  journal = {Phys. Rev. B},
  volume = {72},
  number = {8},
  pages = {085340},
  numpages = {9},
  year = {2005},
  month = {Aug},
  doi = {10.1103/PhysRevB.72.085340},
  publisher = {American Physical Society}
}


@article{Songintra,
title = "Intradot spin-flip Andreev reflection tunneling through a ferromagnet-quantum dot-superconductor system with ac field",
journal = "Physics Letters A",
volume = "372",
number = "45",
pages = "6773 - 6777",
year = "2008",
note = "",
issn = "0375-9601",
doi = "DOI: 10.1016/j.physleta.2008.09.037",
url = "http://www.sciencedirect.com/science/article/B6TVM-4TK477P-2/2/36b788f14dbfaefda5c09d2cf6836848",
author = "Hong-Yan Song and Shi-Ping Zhou",
keywords = "Andreev reflection tunneling",
keywords = "Quantum dot",
keywords = "Photon-assisted tunneling"
}

@Article{Lambert4,
  AUTHOR = {Lambert, C. J.},
  TITLE = {Generalized Landauer formulas for quasi-particles transport in disordered superconductors},
  YEAR = 1991,
  JOURNAL = {Journal of Physics-Condensed Matter},
  VOLUME = 3,
  NUMBER = 34,
  PAGES = {6579 - 6587},
  LANGUAGE = English,
  ISSN = {0953-8984},
  DATE = {AUG 26}
}




@Article{Wiel,
  title = {Electron transport through double quantum dots},
  author = {van der Wiel, W. G. and De Franceschi, S.  and Elzerman, J. M. and Fujisawa, T.  and Tarucha, S.  and Kouwenhoven, L. P.},
  journal = {Rev. Mod. Phys.},
  volume = {75},
  number = {1},
  pages = {1--22},
  numpages = {21},
  year = {2002},
  month = {Dec},
  doi = {10.1103/RevModPhys.75.1},
  publisher = {American Physical Society}
}



@Article{Lesovik,
  AUTHOR = {Lesovik, G. B. and Martin, T. and Blatter, G.},
  TITLE = {Electronic entanglement in the vicinity of a superconductor},
  YEAR = 2001,
  JOURNAL = {European Physical Journal B},
  VOLUME = 24,
  NUMBER = 3,
  PAGES = {287 - 290},
  LANGUAGE = English,
  ISSN = {1434-6028},
  ABSTRACT = {A weakly biased normal-metal-superconductor junction is considered as a potential
  device injecting entangled pairs of quasi-particles into a normal-metal lead. The two-particle states arise from Cooper pairs decaying into the normal lead and are characterized by entangled spin- and orbital degrees of freedom. The separation of the entangled quasi-particles is achieved with a fork geometry and normal leads containing spin- or energy-selective filters. This solid state entangler is characterized by noise cross-correlations which are identical to the noise in one lead, a signature consistent with entanglement. A connection to Bell-type experiments is envisioned (cond-mat/0009193).},
  DATE = DEC
}

@Article{feinberg1,
  title = {Spin-current noise and Bell inequalities in a realistic superconductor-quantum dot entangler},
  author = {Sauret, Olivier  and Martin, Thierry  and Feinberg, Denis },
  journal = {Phys. Rev. B},
  volume = {72},
  number = {2},
  pages = {024544},
  numpages = {7},
  year = {2005},
  month = {Jul},
  doi = {10.1103/PhysRevB.72.024544},
  publisher = {American Physical Society}
}


@Article{feinberg2,
  title = {Spin-Current Shot Noise as a Probe of Interactions in Mesoscopic Systems},
  author = {Sauret, O.  and Feinberg, D. },
  journal = {Phys. Rev. Lett.},
  volume = {92},
  number = {10},
  pages = {106601},
  numpages = {4},
  year = {2004},
  month = {Mar},
  doi = {10.1103/PhysRevLett.92.106601},
  publisher = {American Physical Society}
}

@article{feinberg3,
author = {P. Simon and D. Feinberg},
collaboration = {},
title = {Electronic Spin Precession and Interferometry from Spin-Orbital Entanglement in a Double Quantum Dot},
publisher = {APS},
year = {2006},
journal = {Phys. Rev. Lett.},
volume = {97},
number = {24},
eid = {247207},
numpages = {4},
pages = {247207},
url = {http://link.aps.org/abstract/PRL/v97/e247207},
doi = {10.1103/PhysRevLett.97.247207}
}


@Article{Guo,
  title = {Double quantum dots: Kondo resonance induced by an interdot interaction},
  author = {Sun, Qing-feng  and Guo, Hong },
  journal = {Phys. Rev. B},
  volume = {66},
  number = {15},
  pages = {155308},
  numpages = {9},
  year = {2002},
  month = {Oct},
  doi = {10.1103/PhysRevB.66.155308},
  publisher = {American Physical Society}
}

@Article{Guo2,
  title = {Effects of spin-flip scattering in double quantum dots},
  author = {Ji, Tao  and Sun, Qingfeng  and Guo, Hong },
  journal = {Phys. Rev. B},
  volume = {74},
  number = {23},
  pages = {233307},
  numpages = {4},
  year = {2006},
  month = {Dec},
  doi = {10.1103/PhysRevB.74.233307},
  publisher = {American Physical Society}
}


@Article{Eto,
  title = {Kondo resonant spectra in coupled quantum dots},
  author = {Aono, Tomosuke  and Eto, Mikio },
  journal = {Phys. Rev. B},
  volume = {63},
  number = {12},
  pages = {125327},
  numpages = {11},
  year = {2001},
  month = {Mar},
  doi = {10.1103/PhysRevB.63.125327},
  publisher = {American Physical Society}
}

@Article{suk,
  title = {Suppression of current in transport through parallel double quantum dots},
  author = {Kim, Tae-Suk  and Hershfield, S. },
  journal = {Phys. Rev. B},
  volume = {63},
  number = {24},
  pages = {245326},
  numpages = {12},
  year = {2001},
  month = {Jun},
  doi = {10.1103/PhysRevB.63.245326},
  publisher = {American Physical Society}
}


@Article{Aguado,
  title = {Kondo effect in coupled quantum dots: A noncrossing approximation study},
  author = {Aguado, Ram\'on  and Langreth, David C.},
  journal = {Phys. Rev. B},
  volume = {67},
  number = {24},
  pages = {245307},
  numpages = {20},
  year = {2003},
  month = {Jun},
  doi = {10.1103/PhysRevB.67.245307},
  publisher = {American Physical Society}
}
  	
@article{zhang,
  author={Zhi-Yong Zhang},
  title={Josephson current through double quantum dots},
  journal={Journal of Physics: Condensed Matter},
  volume={18},
  number={1},
  pages={181},
  url={http://stacks.iop.org/0953-8984/18/i=1/a=013},
  year={2006}
  }

@Article{Buitelaar,
  title = {Quantum Dot in the Kondo Regime Coupled to Superconductors},
  author = {Buitelaar, M. R. and Nussbaumer, T.  and Sch\"onenberger, C. },
  journal = {Phys. Rev. Lett.},
  volume = {89},
  number = {25},
  pages = {256801},
  numpages = {4},
  year = {2002},
  month = {Dec},
  doi = {10.1103/PhysRevLett.89.256801},
  publisher = {American Physical Society}
}

@Article{Buitelaar2,
  title = {Multiple Andreev Reflections in a Carbon Nanotube Quantum Dot},
  author = {Buitelaar, M. R. and Belzig, W.  and Nussbaumer, T.  and Babi\ifmmode \acute{c}\else \'{c}\fi{}, B.  and Bruder, C.  and Sch\"onenberger, C. },
  journal = {Phys. Rev. Lett.},
  volume = {91},
  number = {5},
  pages = {057005},
  numpages = {4},
  year = {2003},
  month = {Aug},
  doi = {10.1103/PhysRevLett.91.057005},
  publisher = {American Physical Society}
}

@Article{Kawakami,
  title = {Andreev transport through side-coupled double quantum dots},
  author = {Tanaka, Yoichi  and Kawakami, Norio  and Oguri, Akira },
  journal = {Phys. Rev. B},
  volume = {78},
  number = {3},
  pages = {035444},
  numpages = {6},
  year = {2008},
  month = {Jul},
  doi = {10.1103/PhysRevB.78.035444},
  publisher = {American Physical Society}
}

@article{Tanaka,
title = "Andreev transport through double quantum dots: Numerical renormalization group approach",
journal = "Physica E: Low-dimensional Systems and Nanostructures",
volume = "40",
number = "5",
pages = "1618 - 1620",
year = "2008",
note = "17th International Conference on Electronic Properties of Two-Dimensional Systems",
issn = "1386-9477",
doi = "DOI: 10.1016/j.physe.2007.10.001",
url = "http://www.sciencedirect.com/science/article/B6VMT-4PTMY1V-8/2/0efa7f9ba81fc4dc00909ad18b9254cd",
author = "Yoichi Tanaka and Norio Kawakami and Akira Oguri",
keywords = "Double quantum dots",
keywords = "Andreev reflection",
keywords = "Kondo effect",
keywords = "Numerical renormalization group method"
}

@article{Choi,
author = {Yu-Xian Li and Han-Yong Choi and Hyun-Woo Lee and Jian-Jun Liu},
collaboration = {},
title = {Andreev reflection with spin-flip scattering through a T-shaped double quantum dot},
publisher = {AIP},
year = {2007},
journal = {Journal of Applied Physics},
volume = {101},
number = {10},
eid = {103918},
numpages = {6},
pages = {103918},
keywords = {quantum dots; ferromagnetism; tunnelling; Green's function methods; quantum interference phenomena},
url = {http://link.aip.org/link/?JAP/101/103918/1},
doi = {10.1063/1.2724832}
}


@BOOK{datta1,
  AUTHOR =       {S. Datta},
  TITLE =        {Quantum Transport: Atom to Transistor},
  PUBLISHER =    {Cambridge},
  address = {New York},
  YEAR =         {2005}
}
@BOOK{datta2,
  AUTHOR =       {S. Datta},
  TITLE =        {Quantum Transport in mesoscopic systems},
  PUBLISHER =    {Cambridge},
  address = {New York},
  YEAR =         {1995}
}

@BOOK{nazarov,
  AUTHOR =       {Y. Nazarov and Y. M. Blanter},
  TITLE =        {Quantum Transport: Introduction to nanoscience},
  PUBLISHER =    {Cambridge},
  address = {New York},
  YEAR =         {2009}
}

@BOOK{ferry,
  AUTHOR =       {D. K. Ferry and S. M. Goodnick and J. Bird},
  TITLE =        {Transport in Nanostructures },
  PUBLISHER =    {Cambridge},
  YEAR =         {2009},
  address = {New York},
  edition =      {2º},
}

@BOOK{kadanoff,
  AUTHOR =       "Kadanoff, L.P. and Baym,G.",
  TITLE =        "Quantum Statistical Mechanics",
  PUBLISHER =    "Benjammim, Inc.",
  YEAR =         "1962",
}

@ARTICLE{keldysh,
  AUTHOR =       "Keldysh, L. V.",
  TITLE =        "Diagram tecnique for nonequilibrium processes",
  JOURNAL =      JETP,
  YEAR =         "1965",
  volume =       "20",
  number =       "4",
  pages =        "1018-1026",
  month =        "Abril"
}

@BOOK{diVentra,
  AUTHOR =       {M. Di Ventra},
  address = {New York},
  TITLE =        {Electrical Transport in Nanoscale Systems},
  PUBLISHER =    {Cambridge University Press},
  YEAR =         {2008}
    }

@BOOK{haug,
  AUTHOR =       {H. Haug and A. P. Jauho},
  TITLE =        {Quantum Kinetics in Transport and Optics of Semiconductor},
  PUBLISHER =    {Springer, Heidelberg},
  YEAR =         {1996}
}

@book{mahan,
  address = {New York},
  author = {G. D. Mahan},
  publisher = {Plenum},
  title = {Many Particle Physics, Third Edition},
  year = {2000},

}
@Article{rammer,
  title = {Quantum field-theoretical methods in transport theory of metals},
  author = {Rammer, J.  and Smith, H. },
  journal = {Rev. Mod. Phys.},
  volume = {58},
  number = {2},
  pages = {323--359},
  numpages = {36},
  year = {1986},
  month = {Apr},
  doi = {10.1103/RevModPhys.58.323},
  publisher = {American Physical Society}
}


@Article{BCS,
  title = {Microscopic Theory of Superconductivity},
  author = {Bardeen, J.  and Cooper, L. N. and Schrieffer, J. R.},
  journal = {Phys. Rev.},
  volume = {106},
  number = {1},
  pages = {162--164},
  numpages = {2},
  year = {1957},
  month = {Apr},
  doi = {10.1103/PhysRev.106.162},
  publisher = {American Physical Society}
}

@ARTICLE{zengetal,
  AUTHOR =       {Zeng, Z.Y. and Li, Baowen and Claro, F.},
  JOURNAL =    {The European Physical Journal B - Condensed Matter and Complex Systems},
  TITLE =      {Electron transport in interacting hybrid mesoscopic systems},
  YEAR =         {2003},
  volume =       {32},
  number =       {3}
}

@book{fazekas,
    address = {Singapore},
    author = {Fazekas, P.},
    publisher = {World Scientific},
    title = {Lecture notes on Electron Correlations and Magnetism},
    year = {1999}
}

@Article{direcao,
  title = {Conductance and exchange coupling of two ferromagnets separated by a tunneling barrier},
  author = {Slonczewski, J. C.},
  journal = {Phys. Rev. B},
  volume = {39},
  number = {10},
  pages = {6995--7002},
  numpages = {7},
  year = {1989},
  month = {Apr},
  doi = {10.1103/PhysRevB.39.6995},
  publisher = {American Physical Society}
}

@Article{btk,
  title = {Transition from metallic to tunneling regimes in superconducting microconstrictions: Excess current, charge imbalance, and supercurrent conversion},
  author = {Blonder, G. E. and Tinkham, M.  and Klapwijk, T. M.},
  journal = {Phys. Rev. B},
  volume = {25},
  number = {7},
  pages = {4515--4532},
  numpages = {17},
  year = {1982},
  month = {Apr},
  doi = {10.1103/PhysRevB.25.4515},
  publisher = {American Physical Society}
}

@Article{BeenakkerdeJong,
  title = {Andreev Reflection in Ferromagnet-Superconductor Junctions},
  author = {de Jong, M. J. M. and Beenakker, C. W. J.},
  journal = {Phys. Rev. Lett.},
  volume = {74},
  number = {9},
  pages = {1657--1660},
  numpages = {3},
  year = {1995},
  month = {Feb},
  doi = {10.1103/PhysRevLett.74.1657},
  publisher = {American Physical Society}
}
@article{makk,
author = {P. Makk and Sz. Csonka and A. Halbritter},
collaboration = {},
title = {Effect of hydrogen molecules on the electronic transport through atomic-sized metallic junctions in the superconducting state},
publisher = {APS},
year = {2008},
journal = {Phys. Rev. B},
volume = {78},
number = {4},
eid = {045414},
numpages = {6},
pages = {045414},
keywords = {aluminium; ductility; eigenvalues and eigenfunctions; electric admittance; hydrogen; indium; lead; microelectrodes; necking; niobium; plasticity; superconducting energy gap; tantalum; tin; type II superconductors},
url = {http://link.aps.org/abstract/PRB/v78/e045414},
doi = {10.1103/PhysRevB.78.045414}
}


@Article{Baibich,
  title = {Giant Magnetoresistance of (001)Fe/(001)Cr Magnetic Superlattices},
  author = {Baibich, M. N. and Broto, J. M. and Fert, A.  and Van Dau, F. Nguyen and Petroff, F.  and Etienne, P.  and Creuzet, G.  and Friederich, A.  and Chazelas, J. },
  journal = {Phys. Rev. Lett.},
  volume = {61},
  number = {21},
  pages = {2472--2475},
  numpages = {3},
  year = {1988},
  month = {Nov},
  doi = {10.1103/PhysRevLett.61.2472},
  publisher = {American Physical Society}
}

@article{prinz,
author = {Gary A. Prinz},
collaboration = {},
title = {Spin-Polarized Transport},
publisher = {AIP},
year = {1995},
journal = {Physics Today},
volume = {48},
number = {4},
pages = {58-63},
url = {http://link.aip.org/link/?PTO/48/58/1},
doi = {10.1063/1.881459}
}


@Article{Doh,
  AUTHOR = {Doh, Yong-Joo and Franceschi, Silvano De and Bakkers, Erik P. A. M. and Kouwenhoven, Leo P.},
  TITLE = {Andreev Reflection versus Coulomb Blockade in Hybrid Semiconductor Nanowire Devices},
  YEAR = 2008,
  JOURNAL = {Nano Letters},
  VOLUME = 8,
  NUMBER = 12,
  PAGES = {4098 - 4102},
  ISSN = {1530-6984},
  DATE = {Dec 10}
}

@article{nguyen2,
author = {V. Hung Nguyen and V. Lien Nguyen and H. Nam Nguyen},
collaboration = {},
title = {Coulomb blockade and negative differential conductance in metallic double-dot devices},
publisher = {AIP},
year = {2004},
journal = {Journal of Applied Physics},
volume = {96},
number = {6},
pages = {3302-3306},
keywords = {Coulomb blockade; single electron devices; electric admittance; quantum dots; Monte Carlo methods},
url = {http://link.aip.org/link/?JAP/96/3302/1},
doi = {10.1063/1.1782954}
}

@Article{franssonprb,
  title = {Current-voltage asymmetries and negative differential conductance due to strong electron correlations in double quantum dots},
  author = {Fransson, J.  and Eriksson, O. },
  journal = {Phys. Rev. B},
  volume = {70},
  number = {8},
  pages = {085301},
  numpages = {12},
  year = {2004},
  month = {Aug},
  doi = {10.1103/PhysRevB.70.085301},
  publisher = {American Physical Society}
}

@article{frassonjphys,
  author={J Fransson and O Eriksson},
  title={Asymmetric negative differential conductance in double quantum dots},
  journal={J. Phys.: Condens. Matter},
  volume={16},
  number={8},
  pages={L85-L91},
  year={2004},
}


@Article{Orellana,
  title = {Negative differential conductance induced by electronic correlation in a double quantum dot molecule},
  author = {Lara, Gustavo A. and Orellana, Pedro A. and Anda, Enrique V.},
  journal = {Phys. Rev. B},
  volume = {78},
  number = {4},
  pages = {045323},
  numpages = {6},
  year = {2008},
  month = {Jul},
  doi = {10.1103/PhysRevB.78.045323},
  publisher = {American Physical Society}
}

@Article{Langreth6,
  title = {Out-of-Equilibrium Kondo Effect in Double Quantum Dots},
  author = {Aguado, Ram\'on  and Langreth, David C.},
  journal = {Phys. Rev. Lett.},
  volume = {85},
  number = {9},
  pages = {1946--1949},
  numpages = {3},
  year = {2000},
  month = {Aug},
  doi = {10.1103/PhysRevLett.85.1946},
  publisher = {American Physical Society}
}

@Article{Rakshit,
  AUTHOR = {Rakshit, Titash and Liang, Geng-Chiau and Ghosh, Avik W. and Datta, Supriyo},
  TITLE = {Silicon-based Molecular Electronics},
  YEAR = 2004,
  JOURNAL = {Nano Letters},
  VOLUME = 4,
  NUMBER = 10,
  PAGES = {1803 - 1807},
  ISSN = {1530-6984},
  DATE = {Oct 01}
}

@Article{shangguan,
  title = {Quantum transport in a one-dimensional quantum dot array},
  author = {Shangguan, W. Z. and Au Yeung, T. C. and Yu, Y. B. and Kam, C. H.},
  journal = {Phys. Rev. B},
  volume = {63},
  number = {23},
  pages = {235323},
  year = {2001},
  month = {May},
  doi = {10.1103/PhysRevB.63.235323},
  publisher = {American Physical Society}
}
@article{Bai1,
title = "Spin accumulation and spin-dependent Andreev reflection current in a T-shaped double quantum dots",
journal = "Physica E: Low-dimensional Systems and Nanostructures",
volume = "43",
number = "1",
pages = "446 - 451",
year = "2010",
note = "",
issn = "1386-9477",
author = "Long Bai and Zheng-Zhong Zhang and Liang Jiang and Fu-Rong Tang"
}


@article{Bai2,
title = "Andreev reflection tunneling through a triangular triple quantum dot system",
journal = "Physica B: Condensed Matter",
volume = "405",
number = "23",
pages = "4875 - 4880",
year = "2010",
note = "",
issn = "0921-4526",
author = "Long Bai and Rong Zhang and Chen-Long Duan",
keywords = "Triangular triple quantum dot",
keywords = "Andreev reflection"
}





@Article{esaki,
  title = {Resonant tunneling in semiconductor double barriers},
  author = {L. L. Chang, and L. Esaki, and R. Tsu},
  journal = {Appl. Phys. Lett.},
  volume = {24},
  number = {12},
  pages = {593},
  year = {1974},
  month = {June},
  doi = {10.1063/1.1655067},
  publisher = {American Institute of Physics}
}
@Article{siqueira,
  title = {Andreev tunneling through a double quantum-dot system coupled to a ferromagnet and a superconductor: Effects of mean-field electronic correlations},
  author = {Siqueira, E. C. and Cabrera, G. G.},
  journal = {Phys. Rev. B},
  volume = {81},
  number = {9},
  pages = {094526},
  numpages = {10},
  year = {2010},
  month = {Mar},
  doi = {10.1103/PhysRevB.81.094526},
  publisher = {American Physical Society}
}

@Article{polarization2,
  title = {Direct Measurement of the Spin Polarization of the Magnetic Semiconductor (Ga,Mn)As},
  author = {Braden, J. G. and Parker, J. S. and Xiong, P.  and Chun, S. H. and Samarth, N. },
  journal = {Phys. Rev. Lett.},
  volume = {91},
  number = {5},
  pages = {056602},
  numpages = {4},
  year = {2003},
  month = {Jul},
  doi = {10.1103/PhysRevLett.91.056602},
  publisher = {American Physical Society}
}

@Article{polarization,
  title = {Measuring the Spin Polarization of a Metal with a
  Superconducting Point Contact},
  author = {Soulen Jr.,R. J., and J. M. Byers, and M. S. Osofsky, and B. Nadgorny,
  and T. Ambrose, and S. F. Cheng, and P. R. Broussard, and C. T. Tanaka, and
  J. Nowak, and J. S. Moodera, and A. Barry, and J. M. D. Coey},
  journal = {Science},
  volume = {282},
  number = {5386},
  pages = {85},
  year = {1998},
  month = {October},
  doi = {},
  %Stable URL: http://www.jstor.org/stable/2897774
  publisher = {American Association for the Advancement of Science}
}

@Article{martinek1,
  title = {Kondo Effect in Quantum Dots Coupled to Ferromagnetic Leads},
  author = {J. Martinek, and Y. Utsumi, and H. Imamura, and J. Barna\'{s}, and S. Maekawa, and J. K\"{o}nig, and G. Sch\"{o}n},
  journal = {Phys. Rev. Lett.},
  volume = {91},
  number = {12},
  pages = {127203},
  year = {2003},
  month = {September 19},
  doi = {10.1103/PhysRevLett.91.127203},
  publisher = {American Physical Society}
}

@Article{martinek2,
  title = {Kondo Effect in the Presence of Itinerant-Electron Ferromagnetism Studied
with the Numerical Renormalization Group Method},
  author = {J. Martinek, and M. Sindel, and L. Borda, and J. Barna\'{s}, and J. K\"{o}nig, and G. Sch\"{o}n, and J. von Delft},
  journal = {Phys. Rev. Lett.},
  volume = {91},
  number = {24},
  pages = {247202},
  year = {2003},
  month = {September 19},
  doi = {10.1103/PhysRevLett.91.247202},
  publisher = {American Physical Society}
}


@article {claro2,
   author = {Zeng, Z.Y. and Li, Baowen and Claro, F.},
   affiliation = {Department of Physics, National University of Singapore, 117542, Singapore SG},
   title = {Electron transport in interacting hybrid mesoscopic systems},
   journal = {The European Physical Journal B - Condensed Matter and Complex Systems},
   publisher = {Springer Berlin / Heidelberg},
   issn = {1434-6028},
   keyword = {Physics and Astronomy},
   pages = {401-405},
   volume = {32},
   issue = {3},
   year = {2003}
}
@Article{claro,
  title = {Electronic transport in hybrid mesoscopic structures: A nonequilibrium Green function approach},
  author = {Zeng, Zhao Yang and Li, Baowen  and Claro, F. },
  journal = {Phys. Rev. B},
  volume = {68},
  number = {11},
  pages = {115319},
  year = {2003},
  month = {Sep},
  doi = {10.1103/PhysRevB.68.115319},
  publisher = {American Physical Society}
}


@article{liu:referee,
author = {Hongwu Liu and Toshimasa Fujisawa and Hiroshi Inokawa and Yukinori Ono and Akira Fujiwara and Yoshiro Hirayama},
collaboration = {},
title = {A gate-defined silicon quantum dot molecule},
publisher = {AIP},
year = {2008},
journal = {Applied Physics Letters},
volume = {92},
number = {22},
eid = {222104},
numpages = {3},
pages = {222104},
keywords = {electron transport theory; MIS structures; quantum computing; quantum dots; silicon-on-insulator},
url = {http://link.aip.org/link/?APL/92/222104/1},
doi = {10.1063/1.2938693}
}

@article{giavaras:referee,
  author = {Giavaras, G. and Jefferson, J. H. and Fearn, M. and Lambert, C. J.},
  volume = {75},
  journal = {Phys. Rev. B},
  month = {Feb},
  numpages = {6},
  title = {Singlet-triplet filtering and entanglement in a quantum dot structure},
  year = {2007},
  url = {http://link.aps.org/doi/10.1103/PhysRevB.75.085302},
  doi = {10.1103/PhysRevB.75.085302},
  issue = {8},
  publisher = {American Physical Society},
  pages = {085302}
}

@article{Chorley,
  author = {Chorley, S. J. and Giavaras, G. and Wabnig, J. and Jones, G. A. C. and Smith, C. G. and Briggs, G. A. D. and Buitelaar, M. R.},
  volume = {106},
  journal = {Phys. Rev. Lett.},
  month = {May},
  numpages = {4},
  title = {Transport Spectroscopy of an Impurity Spin in a Carbon Nanotube Double Quantum Dot},
  year = {2011},
  url = {http://link.aps.org/doi/10.1103/PhysRevLett.106.206801},
  doi = {10.1103/PhysRevLett.106.206801},
  issue = {20},
  publisher = {American Physical Society},
  pages = {206801}
}

@article{Giavaras:2,
  author = {Giavaras, G. and Wabnig, J. and Lovett, B. W. and Jefferson, J. H. and Briggs, G. A. D.},
  volume = {82},
  journal = {Phys. Rev. B},
  month = {Aug},
  numpages = {9},
  title = {Spin detection at elevated temperatures using a driven double quantum dot},
  year = {2010},
  url = {http://link.aps.org/doi/10.1103/PhysRevB.82.085410},
  doi = {10.1103/PhysRevB.82.085410},
  issue = {8},
  publisher = {American Physical Society},
  pages = {085410}
}




@Article{Xiufeng,
  title = {Spin-dependent Andreev reflection tunneling through a quantum dot with intradot spin-flip scattering},
  author = {Cao, Xiu Feng  and Shi, Yaoming  and Song, Xiaolong  and Zhou, Shiping  and Chen, Hao },
  journal = {Phys. Rev. B},
  volume = {70},
  number = {23},
  pages = {235341},
  year = {2004},
  month = {Dec},
  doi = {10.1103/PhysRevB.70.235341},
  publisher = {American Physical Society}
}

@article{japTquantumdot,
author = {Yu-Xian Li and Han-Yong Choi and Hyun-Woo Lee and Jian-Jun Liu},
collaboration = {},
title = {Andreev reflection with spin-flip scattering through a T-shaped double quantum dot},
publisher = {AIP},
year = {2007},
journal = {J. Appl. Phys.},
volume = {101},
number = {10},
eid = {103918},
pages = {103918},
keywords = {quantum dots; ferromagnetism; tunnelling; Green's function methods; quantum interference phenomena},
%%url = {http://link.aip.org/link/?JAP/101/103918/1},
doi = {10.1063/1.2724832}
}

@Article{principal,
  title = {Andreev reflection through a quantum dot coupled with two ferromagnets and a superconductor},
  author = {Zhu, Yu  and Sun, Qing-feng  and Lin, Tsung Han },
  journal = {Phys. Rev. B},
  volume = {65},
  number = {2},
  pages = {024516},
  year = {2001},
  month = {Dec},
  doi = {10.1103/PhysRevB.65.024516},
  publisher = {American Physical Society}
}

@article{japfengwujiang,
author = {Jin-Fu Feng and Xiao-Shan Wu and Shu-Sheng Jiang},
title = {Tunneling resonances and Andreev reflection through an interaction quantum dot coupled with two half metals and a superconductor},
publisher = {AIP},
year = {2006},
journal = {J. Appl. Phys.},
volume = {99},
number = {8},
eid = {08F713},
pages = {08F713},
location = {San Jose, California (USA)},
keywords = {quantum dots; superconducting materials; ferromagnetism; resonant tunnelling; Coulomb blockade; electron spin polarisation}
}


@Article{sunwanglin1,
  title = {Resonant Andreev reflection in a normal-metal\char21{}quantum-dot\char21{}superconductor system},
  author = {Sun, Qing-feng  and Wang, Jian  and Lin, Tsung Han },
  journal = {Phys. Rev. B},
  volume = {59},
  number = {5},
  pages = {3831--3840},
  year = {1999},
  month = {Feb},
  doi = {10.1103/PhysRevB.59.3831},
  publisher = {American Physical Society}
}


@article{falicov,
author = {L. M. Falicov and Robert A. Harris},
collaboration = {},
title = {Two-Electron Homopolar Molecule: A Test for Spin-Density Waves and Charge-Density Waves},
publisher = {AIP},
year = {1969},
journal = {J. Chem. Phys.},
volume = {51},
number = {8},
pages = {3153-3158},
doi = {10.1063/1.1672488}
}


@article{souzarabi,
year={2014},
issn={0103-9733},
journal={Brazilian Journal of Physics},
volume={44},
number={1},
doi={10.1007/s13538-013-0153-y},
title={Disorder-Induced Rectification in a Molecular System},
url={http://dx.doi.org/10.1007/s13538-013-0153-y},
publisher={Springer US},
keywords={Current; Shot noise; Fano factor; Green functions},
author={Coutinho, R.M. and Saraiva-Souza, A. and Souza Filho, A.G. and Souza, F.M.},
pages={30-38},
language={English}
}

@Article{beenakker213,
  title = {Andreev Reflection in Ferromagnet-Superconductor Junctions},
  author = {de Jong, M. J. M. and Beenakker, C. W. J.},
  journal = {Phys. Rev. Lett.},
  volume = {74},
  number = {9},
  pages = {1657--1660},
  year = {1995},
  month = {Feb},
  doi = {10.1103/PhysRevLett.74.1657},
  publisher = {American Physical Society}
}




@Article{reviewdoubleqdots,
  title = {Electron transport through double quantum dots},
  author = {van der Wiel, W. G. and De Franceschi, S.  and Elzerman, J. M. and Fujisawa, T.  and Tarucha, S.  and Kouwenhoven, L. P.},
  journal = {Rev. Mod. Phys.},
  volume = {75},
  number = {1},
  pages = {1--22},
  year = {2002},
  month = {Dec},
  doi = {10.1103/RevModPhys.75.1},
  publisher = {American Physical Society}
}






@Article{franssonprb,
  title = {Current-voltage asymmetries and negative differential conductance due to strong electron correlations in double quantum dots},
  author = {Fransson, J.  and Eriksson, O. },
  journal = {Phys. Rev. B},
  volume = {70},
  number = {8},
  pages = {085301},
  year = {2004},
  month = {Aug},
  doi = {10.1103/PhysRevB.70.085301},
  publisher = {American Physical Society}
}

@article{frassonjphys,
  author={J Fransson and O Eriksson},
  title={Asymmetric negative differential conductance in double quantum dots},
  journal={J. Phys.: Condens. Matter},
  volume={16},
  number={8},
  pages={L85-L91},
  year={2004},
}












@Article{reviewspintronics,
  title = {Spintronics: Fundamentals and applications},
  author = {\ifmmode \check{Z}\else \v{Z}\fi{}uti\ifmmode \acute{c}\else \'{c}\fi{}, Igor  and Fabian, Jaroslav  and Das Sarma, S. },
  journal = {Rev. Mod. Phys.},
  volume = {76},
  number = {2},
  pages = {323--410},
  year = {2004},
  month = {Apr},
  doi = {10.1103/RevModPhys.76.323},
  publisher = {American Physical Society}
}


@article{reviewpoucoseletrons,
author = {R. Hanson and L. P. Kouwenhoven and J. R. Petta and S. Tarucha and L. M. K. Vandersypen},
collaboration = {},
title = {Spins in few-electron quantum dots},
publisher = {APS},
year = {2007},
journal = {Rev. Mod. Phys.},
volume = {79},
number = {4},
eid = {1217},
pages = {1217},
keywords = {magnetoelectronics; Heisenberg model; exchange interactions (electron); quantum dots; spin-orbit interactions; electron traps; hyperfine interactions; quantum entanglement; magnetic moments; measurement theory},
%%url = {http://link.aps.org/abstract/RMP/v79/p1217},
doi = {10.1103/RevModPhys.79.1217}
}

@article{ishibashi,
author = {K. Ishibashi and M. Suzuki and T. Ida and Y. Aoyagi},
collaboration = {},
title = {Formation of coupled quantum dots in single-wall carbon nanotubes},
publisher = {AIP},
year = {2001},
journal = {Appl. Phys. Lett.},
volume = {79},
number = {12},
pages = {1864-1866},
keywords = {carbon nanotubes; quantum dots; Coulomb blockade; negative resistance; scanning electron microscopy},
%%url = {http://link.aip.org/link/?APL/79/1864/1},
doi = {10.1063/1.1403295}
}

@article{makk,
author = {P. Makk and Sz. Csonka and A. Halbritter},
collaboration = {},
title = {Effect of hydrogen molecules on the electronic transport through atomic-sized metallic junctions in the superconducting state},
publisher = {APS},
year = {2008},
journal = {Phys. Rev. B},
volume = {78},
number = {4},
eid = {045414},
pages = {045414},
keywords = {aluminium; ductility; eigenvalues and eigenfunctions; electric admittance; hydrogen; indium; lead; microelectrodes; necking; niobium; plasticity; superconducting energy gap; tantalum; tin; type II superconductors},
}


@ARTICLE{keldysh,
  AUTHOR =       "Keldysh, L. V.",
  TITLE =        "Diagram technique for nonequilibrium processes",
  JOURNAL =      "Sov. Phys. JETP",
  YEAR =         "1965",
  volume =       "20",
  number =       "4",
  pages =        "1018-1026",
  month =        "April"
}




@ARTICLE{andreevref,
  AUTHOR =       "Andreev, A. F.",
  TITLE =        "THE THERMAL CONDUCTIVITY OF THE INTERMEDIATE STATE IN SUPERCONDUCTORS",
  JOURNAL =      "Sov. Phys. JETP",
  YEAR =         "1964",
  volume =       "19",
  number =       "5",
  pages =        "1228-1231",
}



@article{tinkhamprb,
  title = {Transition from metallic to tunneling regimes in superconducting
microconstrictions: Excess current, charge imbalance, and supercurrent
conversion},
  author = {Blonder, G. E. and Tinkham, M.  and Klapwijk, T. M.},
  journal = {Phys. Rev. B},
  volume = {25},
  number = {7},
  pages = {4515--4532},
  year = {1982},
  month = {Apr},
  doi = {10.1103/PhysRevB.25.4515},
  publisher = {American Physical Society}
}


%NOVAS BIBLIOGRAFIAS




@article{Song,
author = {Hong-Yan Song and Shi-Ping Zhou},
title = {Intradot spin-flip Andreev reflection tunneling through a ferromagnet-quantum dot-superconductor system with ac field},
journal = {Phys. Lett. A},
volume = {372},
number = {45},
pages = {6773-6777},
year = {2008}
}


@Article{fu,
  title = {Tunneling resonances and Andreev reflection in transport of electrons through a ferromagnetic metal/quantum dot/superconductor system},
  author = {Feng, Jin-Fu  and Xiong, Shi-Jie },
  journal = {Phys. Rev. B},
  volume = {67},
  number = {4},
  pages = {045316},
  year = {2003},
  month = {Jan},
  doi = {10.1103/PhysRevB.67.045316},
  publisher = {American Physical Society}
}



@Article{rozhkov,
  title = {Josephson coupling through a quantum dot},
  author = {Rozhkov, A. V. and Arovas, Daniel P. and Guinea, F. },
  journal = {Phys. Rev. B},
  volume = {64},
  number = {23},
  pages = {233301},
  year = {2001},
  month = {Nov},
  doi = {10.1103/PhysRevB.64.233301},
  publisher = {American Physical Society}
}

@article{DasSarma,
title = "Spin electronics and spin computation",
journal = "Solid State Comm.",
volume = "119",
number = "4-5",
pages = "207 - 215",
year = "2001",
note = "",
author = "S. Das Sarma and Jaroslav Fabian and Xuedong Hu and Igor Zutic",
keywords = "D. Spintronics",
keywords = "D. Spin transistor",
keywords = "D. Spin-polarized transport",
keywords = "D. Spin quantum computation"
}

@article{Hofstetter,
author={Hofstetter, L. and Csonka, S. and Nygard, J. and Schonenberger, C.},
title={Cooper pair splitter realized in a two-quantum-dot Y-junction},
journal={Nature},
year={2009},
volume={461},
pages={960},
}

@article{LiJMat,
  author={Jin-Liang Li and Yu-Xian Li},
  title={Andreev reflection and Aharonov\&ndash;Bohm oscillations through a parallel-coupled double quantum dot with spin-flip scattering},
  journal={J. Phys.: Condens. Matter},
  volume={20},
  number={46},
  pages={465202},
  year={2008},
  }


@article{pan,
author = {Hui Pan and Tsung-Han Lin},
collaboration = {},
title = {Control of the supercurrent through a parallel-coupled double quantum dot system},
publisher = {APS},
year = {2006},
journal = {Phys. Rev. B},
volume = {74},
number = {23},
eid = {235312},
pages = {235312},
keywords = {quantum dots; superconducting junction devices; energy states; magnetic flux; current fluctuations; Green's function methods},
doi = {10.1103/PhysRevB.74.235312}
}


@article{bergeret,
author = {F. S. Bergeret and A. LevyYeyati and A. Mart\'{\i}n-Rodero},
collaboration = {},
title = {Interplay between Josephson effect and magnetic interactions in double quantum dots},
publisher = {APS},
year = {2006},
journal = {Phys. Rev. B},
volume = {74},
number = {13},
eid = {132505},
pages = {132505},
keywords = {quantum dots; Josephson effect; phase transformations; Kondo effect; antiferromagnetism; magnetic structure},
doi = {10.1103/PhysRevB.74.132505}
}

@Article{WooLee,
  title = {Nonequilibrium Kondo effect and Andreev reflection through double quantum dots with spin-flip scattering},
  author = {Yu-Xian Li and Hyun-Woo Lee and Han-Yong Choi},
  journal = {Phys. Lett. A},
  volume = {372},
  number = {42},
  pages = {6424 - 6428},
  year = {2008},
  month = {},
  doi = {},
  publisher = {Elsevier}
}




%negative differential conductance%
@article{lara,
author = {Gustavo A. Lara and Pedro A. Orellana and Enrique V. Anda},
collaboration = {},
title = {Negative differential conductance induced by electronic correlation in a double quantum dot molecule},
publisher = {APS},
year = {2008},
journal = {Phys. Rev. B},
volume = {78},
number = {4},
eid = {045323},
pages = {045323},
keywords = {boson systems; electrical conductivity; electron correlations; quantum dots; tunnelling}
}

@article{hornberger,
author = {R. Hornberger and S. Koller and G. Begemann and A. Donarini and M. Grifoni},
collaboration = {},
title = {Transport through a double-quantum-dot system with noncollinearly polarized leads},
publisher = {APS},
year = {2008},
journal = {Phys. Rev. B},
volume = {77},
number = {24},
eid = {245313},
pages = {245313},
keywords = {magnetisation; quantum dots; spin polarised transport; tunnelling magnetoresistance}
}

@article{pedersen,
author = {Jonas Nyvold Pedersen and Benny Lassen and Andreas Wacker and Matthias H. Hettler},
collaboration = {},
title = {Coherent transport through an interacting double quantum dot: Beyond sequential tunneling},
publisher = {APS},
year = {2007},
journal = {Phys. Rev. B},
volume = {75},
number = {23},
eid = {235314},
pages = {235314},
keywords = {quantum dots; tunnelling; electrical conductivity; renormalisation}
}


@Article{Fujisawa,
  title = {Pauli spin blockade in cotunneling transport through a double quantum dot},
  author = {Liu, H. W. and Fujisawa, T.  and Hayashi, T.  and Hirayama, Y. },
  journal = {Phys. Rev. B},
  volume = {72},
  number = {16},
  pages = {161305},
  year = {2005},
  month = {Oct},
  doi = {10.1103/PhysRevB.72.161305},
  publisher = {American Physical Society}
}

@article{nguyen,
author = {V. Hung Nguyen and V. Lien Nguyen and Philippe Dollfus},
collaboration = {},
title = {Shot noise in metallic double dot structures with a negative differential conductance},
publisher = {AIP},
year = {2005},
journal = {Appl. Phys. Lett.},
volume = {87},
number = {12},
eid = {123107},
pages = {123107},
keywords = {quantum dots; shot noise; electrical conductivity; master equation; current fluctuations; Monte Carlo methods}
}

@article{Mendez,
author = {W. Song and E. E. Mendez and V. Kuznetsov and B. Nielsen},
collaboration = {},
title = {Shot noise in negative-differential-conductance devices},
publisher = {AIP},
year = {2003},
journal = {Appl. Phys. Lett.},
volume = {82},
number = {10},
pages = {1568-1570},
keywords = {shot noise; semiconductor device noise; resonant tunnelling diodes; semiconductor superlattices; tunnel diodes; semiconductor device measurement},
}


@article{zazunov,
author = {Alex Zazunov and Denis Feinberg and Thierry Martin},
collaboration = {},
title = {Phonon-mediated negative differential conductance in molecular quantum dots},
publisher = {APS},
year = {2006},
journal = {Phys. Rev. B},
volume = {73},
number = {11},
eid = {115405},
pages = {115405},
keywords = {quantum dots; electrical conductivity; tunnelling; polarons; electron-phonon interactions}
}


%Propriedades de spin em híbridos envovendo quantum dots*/


@article{chenpsin,
author = {Zhigao Chen and Baigeng Wang and D. Y. Xing and Jian Wang},
collaboration = {},
title = {A spin injector},
publisher = {AIP},
year = {2004},
journal = {Appl. Phys. Lett.},
volume = {85},
number = {13},
pages = {2553-2555}
}

@article{deutscher,
author = {Guy Deutscher and Denis Feinberg},
collaboration = {},
title = {Coupling superconducting-ferromagnetic point contacts by Andreev reflections},
publisher = {AIP},
year = {2000},
journal = {Appl. Phys. Lett.},
volume = {76},
number = {4},
pages = {487-489},
keywords = {ferromagnetism; point contacts; superconducting junction devices; electron spin polarisation; Cooper pairs; coherence length; superconductive tunnelling; interface magnetism},
}
@Article{Jauho1,
  title = {Time-dependent transport in interacting and noninteracting resonant-tunneling systems},
  author = {Jauho, Antti-Pekka  and Wingreen, Ned S. and Meir, Yigal },
  journal = {Phys. Rev. B},
  volume = {50},
  number = {8},
  pages = {5528--5544},
  numpages = {16},
  year = {1994},
  month = {Aug},
  doi = {10.1103/PhysRevB.50.5528},
  publisher = {American Physical Society}
}
@Article{rammer,
  title = {Quantum field-theoretical methods in transport theory of metals},
  author = {Rammer, J.  and Smith, H. },
  journal = {Rev. Mod. Phys.},
  volume = {58},
  number = {2},
  pages = {323--359},
  numpages = {36},
  year = {1986},
  month = {Apr},
  doi = {10.1103/RevModPhys.58.323},
  publisher = {American Physical Society}
}

@ARTICLE{buzdin22,
  AUTHOR =       {Buzdin,AI and Bulaevskii,LN and Panyukov,SV},
  TITLE =        {Critical-current oscillations as a function of the exchange field and thickness of the ferromagnetic metal (F) in an S-F-S Josephson junction },
  JOURNAL =      {JETP Letters},
  YEAR =         {1982},
  volume =       {35},
  number =       {4},
  pages =        {178-180}
}






















































%



@Article{aaareview,
  title = {Spintronics: Fundamentals and applications},
  author = {\ifmmode \check{Z}\else \v{Z}\fi{}uti\ifmmode \acute{c}\else \'{c}\fi{}, Igor  and Fabian, Jaroslav  and Das Sarma, S. },
  journal = {Rev. Mod. Phys.},
  volume = {76},
  number = {2},
  pages = {323--410},
  numpages = {87},
  year = {2004},
  month = {Apr},
  doi = {10.1103/RevModPhys.76.323},
  publisher = {American Physical Society}
}

@article{bhanson,
author = {R. Hanson and L. P. Kouwenhoven and J. R. Petta and S. Tarucha and L. M. K. Vandersypen},
collaboration = {},
title = {Spins in few-electron quantum dots},
publisher = {APS},
year = {2007},
journal = {Reviews of Modern Physics},
volume = {79},
number = {4},
eid = {1217},
numpages = {49},
pages = {1217},
keywords = {magnetoelectronics; Heisenberg model; exchange interactions (electron); quantum dots; spin-orbit interactions; electron traps; hyperfine interactions; quantum entanglement; magnetic moments; measurement theory},
%url = {http://link.aps.org/abstract/RMP/v79/p1217},
doi = {10.1103/RevModPhys.79.1217}
}



@Article{Meissner,
  title = {Superconductivity of Contacts with Interposed Barriers},
  author = {Meissner, Hans },
  journal = {Phys. Rev.},
  volume = {117},
  number = {3},
  pages = {672--680},
  numpages = {8},
  year = {1960},
  month = {Feb},
  doi = {10.1103/PhysRev.117.672},
  publisher = {American Physical Society}
}


@ARTICLE{andreevref,
  AUTHOR =       "Andreev, A. F.",
  TITLE =        "THE THERMAL CONDUCTIVITY OF THE INTERMEDIATE STATE IN SUPERCONDUCTORS",
  JOURNAL =      "Sov. Phys. JETP",
  YEAR =         "1964",
  volume =       "19",
  number =       "5",
  pages =        "1228-1231",
}

 @Article{Beenakker1,
  AUTHOR = {C. J. W. Beenakker},
  TITLE = {Why does a metal superconductor junction
have a resistance?},
  YEAR = 1999,
  journal = {cond-mat/9909293v2}

}



@BOOK{zagoskin,
  AUTHOR =       "Zagoskin, A. M",
  TITLE =        "Quantum Theory of Many-Body Systems",
  PUBLISHER =    "Springer",
  YEAR =         "1998"

}

@article{Soulen,
author = {Soulen, R. J., Jr. and Byers, J. M. and Osofsky, M. S. and Nadgorny, B. and Ambrose, T. and Cheng, S. F. and Broussard, P. R. and Tanaka, C. T. and Nowak, J. and Moodera, J. S. and Barry, A. and Coey, J. M. D.},
title = {{Measuring the Spin Polarization of a Metal with a Superconducting Point Contact}},
journal = {Science},
volume = {282},
number = {5386},
pages = {85-88},
doi = {10.1126/science.282.5386.85},
year = {1998}
}

@Article{buzdin,
  title = {Proximity effects in superconductor-ferromagnet heterostructures},
  author = {Buzdin, A. I.},
  journal = {Rev. Mod. Phys.},
  volume = {77},
  number = {3},
  pages = {935--976},
  numpages = {41},
  year = {2005},
  month = {Sep},
  doi = {10.1103/RevModPhys.77.935},
  publisher = {American Physical Society}
}


@Article{Deutscherreview,
  title = {Andreev--Saint-James reflections: A probe of cuprate superconductors},
  author = {Deutscher, Guy },
  journal = {Rev. Mod. Phys.},
  volume = {77},
  number = {1},
  pages = {109--135},
  numpages = {26},
  year = {2005},
  month = {Mar},
  doi = {10.1103/RevModPhys.77.109},
  publisher = {American Physical Society}
}

@Article{Likharev,
  title = {Superconducting weak links},
  author = {Likharev, K. K.},
  journal = {Rev. Mod. Phys.},
  volume = {51},
  number = {1},
  pages = {101--159},
  numpages = {58},
  year = {1979},
  month = {Jan},
  doi = {10.1103/RevModPhys.51.101},
  publisher = {American Physical Society}
}

@Article{GENNES,
  title = {Boundary Effects in Superconductors},
  author = {de Gennes, P. G.},
  journal = {Rev. Mod. Phys.},
  volume = {36},
  number = {1},
  pages = {225--237},
  numpages = {12},
  year = {1964},
  month = {Jan},
  doi = {10.1103/RevModPhys.36.225},
  publisher = {American Physical Society}
}

@Article{Giaever,
  title = {Electron tunneling and superconductivity},
  author = {Giaever, Ivar },
  journal = {Rev. Mod. Phys.},
  volume = {46},
  number = {2},
  pages = {245--250},
  numpages = {5},
  year = {1974},
  month = {Apr},
  doi = {10.1103/RevModPhys.46.245},
  publisher = {American Physical Society}
}
@Article{Golubov1,
  title = {The current-phase relation in Josephson junctions},
  author = {Golubov, A. A. and Kupriyanov, M. Yu. and Il'ichev, E. },
  journal = {Rev. Mod. Phys.},
  volume = {76},
  number = {2},
  pages = {411--469},
  numpages = {58},
  year = {2004},
  month = {Apr},
  doi = {10.1103/RevModPhys.76.411},
  publisher = {American Physical Society}
}
@article{Agrait,
title = "Quantum properties of atomic-sized conductors",
journal = "Physics Reports",
volume = "377",
number = "2-3",
pages = "81 - 279",
year = "2003",
note = "",
issn = "0370-1573",
doi = "DOI: 10.1016/S0370-1573(02)00633-6",
%url = "http://www.sciencedirect.com/science/article/B6TVP-4812817-1/2/1a53dc64552e6925e4fc4bb123b5cae8",
author = "Nicolás Agraït and Alfredo Levy Yeyati and Jan M. van Ruitenbeek"
}
@Article{Pannetier,
  AUTHOR = {Pannetier, B. and Courtois, H.},
  TITLE = {Andreev reflection and proximity effect},
  YEAR = 2000,
  JOURNAL = {Journal of low temperature physics},
  VOLUME = 118,
  NUMBER = {5-6},
  PAGES = {599 - 615},
  LANGUAGE = English,
  %ISSN = {0022-2291},
  DATE = MAR
}

@article{Jiang314,
  title = {Oscillatory Superconducting Transition Temperature in Nb/Gd Multilayers},
  author = {Jiang, J. S. and Davidovi\ifmmode \acute{c}\else \'{c}\fi{}, D. and Reich, Daniel H. and Chien, C. L.},
  journal = {Phys. Rev. Lett.},
  volume = {74},
  issue = {2},
  pages = {314--317},
  year = {1995},
  month = {Jan},
  doi = {10.1103/PhysRevLett.74.314},
  url = {http://link.aps.org/doi/10.1103/PhysRevLett.74.314},
  publisher = {American Physical Society}
}


@article{Kroemer,
title = "Induced superconductivity in InAs quantum wells with superconducting contacts",
journal = "Superlattices and Microstructures",
volume = "21",
number = "1",
pages = "61 - 67",
year = "1997",
note = "",
issn = "0749-6036",
doi = "DOI: 10.1006/spmi.1996.0169",
%url = "http://www.sciencedirect.com/science/article/B6WXB-45M2Y40-27/2/179b913e26cce9c17be2c43aea2933f9",
author = "Herbert Kroemer and Mason Thomas",
keywords = "superconductivity; weak links; InAs"
}

@article{Claughton,
  author={N R Claughton and M Leadbeater and C J Lambert},
  title={Theory of Andreev resonances in quantum dots},
  journal={Journal of Physics: Condensed Matter},
  volume={7},
  number={46},
  pages={8757},
  %url={http://stacks.iop.org/0953-8984/7/i=46/a=007},
  year={1995}
  }


@Article{Kleinsasser,
  title = {Observation of multiple Andreev reflections in superconducting tunnel junctions},
  author = {Kleinsasser, A. W. and Miller, R. E. and Mallison, W. H. and Arnold, G. B.},
  journal = {Phys. Rev. Lett.},
  volume = {72},
  number = {11},
  pages = {1738--1741},
  numpages = {3},
  year = {1994},
  month = {Mar},
  doi = {10.1103/PhysRevLett.72.1738},
  publisher = {American Physical Society}
}
@Article{Post,
  title = {Subgap Structure as Function of the Barrier in Atom-Size Superconducting Tunnel Junctions},
  author = {van der Post, N.  and Peters, E. T. and Yanson, I. K. and van Ruitenbeek, J. M.},
  journal = {Phys. Rev. Lett.},
  volume = {73},
  number = {19},
  pages = {2611--2613},
  numpages = {2},
  year = {1994},
  month = {Nov},
  doi = {10.1103/PhysRevLett.73.2611},
  publisher = {American Physical Society}
}

@article{Yeyati2,
  author={A Levy Yeyati and A Martin-Rodero and J C Cuevas},
  title={The phase-dependent linear conductance of a superconducting quantum point contact},
  journal={Journal of Physics: Condensed Matter},
  volume={8},
  number={4},
  pages={449},
  %url={http://stacks.iop.org/0953-8984/8/i=4/a=010},
  year={1996}
  }

@Article{Takagaki,
  title = {Quantized conductance in semiconductor-superconductor-junction quantum point contacts},
  author = {Takagaki, Yukihiko  and Takayanagi, Hideaki },
  journal = {Phys. Rev. B},
  volume = {53},
  number = {21},
  pages = {14530--14533},
  numpages = {3},
  year = {1996},
  month = {Jun},
  doi = {10.1103/PhysRevB.53.14530},
  publisher = {American Physical Society}
}

@Article{Akazaki,
  title = {Observation of Maximum Supercurrent Quantization in a Superconducting Quantum Point Contact},
  author = {Takayanagi, Hideaki  and Akazaki, Tatsushi  and Nitta, Junsaku },
  journal = {Phys. Rev. Lett.},
  volume = {75},
  number = {19},
  pages = {3533--3536},
  numpages = {3},
  year = {1995},
  month = {Nov},
  doi = {10.1103/PhysRevLett.75.3533},
  publisher = {American Physical Society}
}

@Article{Kastalsky6,
  title = {Observation of pair currents in superconductor-semiconductor contacts},
  author = {Kastalsky, A.  and Kleinsasser, A. W. and Greene, L. H. and Bhat, R.  and Milliken, F. P. and Harbison, J. P.},
  journal = {Phys. Rev. Lett.},
  volume = {67},
  number = {21},
  pages = {3026--3029},
  numpages = {3},
  year = {1991},
  month = {Nov},
  doi = {10.1103/PhysRevLett.67.3026},
  publisher = {American Physical Society}
}

@Article{Kleinsasser2,
  title = {Excess voltage and resistance in superconductor-semiconductor junctions},
  author = {Kleinsasser, A. W. and Kastalsky, A. },
  journal = {Phys. Rev. B},
  volume = {47},
  number = {13},
  pages = {8361--8364},
  numpages = {3},
  year = {1993},
  month = {Apr},
  doi = {10.1103/PhysRevB.47.8361},
  publisher = {American Physical Society}
}

@Article{Bakker,
  title = {Superconductivity and localization in thin polycrystalline tungsten-germanium films},
  author = {Bakker, S. J. M. and Jaeger, H. M. and Klapwijk, T. M. and van der Drift, E.  and Radelaar, S. },
  journal = {Phys. Rev. B},
  volume = {48},
  number = {6},
  pages = {4168--4171},
  numpages = {3},
  year = {1993},
  month = {Aug},
  doi = {10.1103/PhysRevB.48.4168},
  publisher = {American Physical Society}
}



@Article{Tuominen,
  title = {Experimental evidence for parity-based 2e periodicity in a superconducting single-electron tunneling transistor},
  author = {Tuominen, M. T. and Hergenrother, J. M. and Tighe, T. S. and Tinkham, M. },
  journal = {Phys. Rev. Lett.},
  volume = {69},
  number = {13},
  pages = {1997--2000},
  numpages = {3},
  year = {1992},
  month = {Sep},
  doi = {10.1103/PhysRevLett.69.1997},
  publisher = {American Physical Society}
}


@Article{Tuominen2,
  title = {Even-odd electron number effects in a small superconducting island: Magnetic-field dependence},
  author = {Tuominen, M. T. and Hergenrother, J. M. and Tighe, T. S. and Tinkham, M. },
  journal = {Phys. Rev. B},
  volume = {47},
  number = {17},
  pages = {11599--11602},
  numpages = {3},
  year = {1993},
  month = {May},
  doi = {10.1103/PhysRevB.47.11599},
  publisher = {American Physical Society}
}


@Article{Martinis,
  title = {Even-odd asymmetry of a superconductor revealed by the Coulomb blockade of Andreev reflection},
  author = {Eiles, T. M. and Martinis, John M. and Devoret, Michel H.},
  journal = {Phys. Rev. Lett.},
  volume = {70},
  number = {12},
  pages = {1862--1865},
  numpages = {3},
  year = {1993},
  month = {Mar},
  doi = {10.1103/PhysRevLett.70.1862},
  publisher = {American Physical Society}
}


@Article{Glazman2,
  title = {Coulomb blockade of two-electron tunneling},
  author = {Hekking, F. W. J. and Glazman, L. I. and Matveev, K. A. and Shekhter, R. I.},
  journal = {Phys. Rev. Lett.},
  volume = {70},
  number = {26},
  pages = {4138--4141},
  numpages = {3},
  year = {1993},
  month = {Jun},
  doi = {10.1103/PhysRevLett.70.4138},
  publisher = {American Physical Society}
}


@Article{Tuominen3,
  title = {Charge transport by Andreev reflection through a mesoscopic superconducting island},
  author = {Hergenrother, J. M. and Tuominen, M. T. and Tinkham, M. },
  journal = {Phys. Rev. Lett.},
  volume = {72},
  number = {11},
  pages = {1742--1745},
  numpages = {3},
  year = {1994},
  month = {Mar},
  doi = {10.1103/PhysRevLett.72.1742},
  publisher = {American Physical Society}
}


@Article{amar,
  title = {2e to e periodic pair currents in superconducting Coulomb-blockade electrometers},
  author = {Amar, A.  and Song, D.  and Lobb, C. J. and Wellstood, F. C.},
  journal = {Phys. Rev. Lett.},
  volume = {72},
  number = {20},
  pages = {3234--3237},
  numpages = {3},
  year = {1994},
  month = {May},
  doi = {10.1103/PhysRevLett.72.3234},
  publisher = {American Physical Society}
}

@Article{Hanke,
  title = {Static and dynamic transport in parity-sensitive systems},
  author = {Hanke, Ulrik  and Galperin, Yu.  and Chao, K. A. and Gisself\"alt, M.  and Jonson, M.  and Shekhter, R. I.},
  journal = {Phys. Rev. B},
  volume = {51},
  number = {14},
  pages = {9084--9095},
  numpages = {11},
  year = {1995},
  month = {Apr},
  doi = {10.1103/PhysRevB.51.9084},
  publisher = {American Physical Society}
}



@Article{RBT,
  title = {Spectroscopic Measurements of Discrete Electronic States in Single Metal Particles},
  author = {Ralph, D. C. and Black, C. T. and Tinkham, M. },
  journal = {Phys. Rev. Lett.},
  volume = {74},
  number = {16},
  pages = {3241--3244},
  numpages = {3},
  year = {1995},
  month = {Apr},
  doi = {10.1103/PhysRevLett.74.3241},
  publisher = {American Physical Society}
}


@Article{CuevasR,
  title = {Resonant tunneling through a small quantum dot coupled to superconducting leads },
  author = {Yeyati, A. Levy  and Cuevas, J. C.  and L\'opez-D\'avalos, A.  and Mart\'\i{}n-Rodero, A. },
  journal = {Phys. Rev. B},
  volume = {55},
  number = {10},
  pages = {R6137--R6140},
  numpages = {3},
  year = {1997},
  month = {Mar},
  doi = {10.1103/PhysRevB.55.R6137},
  publisher = {American Physical Society}
}


@Article{ando,
  title = {dc Josephson current through a quantum dot coupled with superconducting leads},
  author = {Ishizaka, Satoshi  and Sone, Jun'ichi  and Ando, Tsuneya },
  journal = {Phys. Rev. B},
  volume = {52},
  number = {11},
  pages = {8358--8362},
  numpages = {4},
  year = {1995},
  month = {Sep},
  doi = {10.1103/PhysRevB.52.8358},
  publisher = {American Physical Society}
}

@Article{Rosario,
  title = {Resonant Andreev Tunneling in Strongly Interacting Quantum Dots},
  author = {Fazio, Rosario  and Raimondi, Roberto },
  journal = {Phys. Rev. Lett.},
  volume = {80},
  number = {13},
  pages = {2913--2916},
  numpages = {3},
  year = {1998},
  month = {Mar},
  doi = {10.1103/PhysRevLett.80.2913},
  publisher = {American Physical Society}
}

@article{DeutscherFein,
author = {Guy Deutscher and Denis Feinberg},
collaboration = {},
title = {Coupling superconducting-ferromagnetic point contacts by Andreev reflections},
publisher = {AIP},
year = {2000},
journal = {Applied Physics Letters},
volume = {76},
number = {4},
pages = {487-489},
keywords = {ferromagnetism; point contacts; superconducting junction devices; electron spin polarisation; Cooper pairs; coherence length; superconductive tunnelling; interface magnetism},
%url = {http://link.aip.org/link/?APL/76/487/1},
doi = {10.1063/1.125796}
}

@Article{Lyuksyutov,
  AUTHOR = {Lyuksyutov, I. F. and Pokrovsky, V. L.},
  TITLE = {Ferromagnet-superconductor hybrids},
  YEAR = 2005,
  JOURNAL = {ADVANCES IN PHYSICS},
  VOLUME = 54,
  NUMBER = 1,
  PAGES = {67 - 136},
  LANGUAGE = English,
  %ISSN = {0001-8732},
  DATE = {JAN-FEB}
}



@Article{Buzdin,
  title = {Proximity effects in superconductor-ferromagnet heterostructures},
  author = {Buzdin, A. I.},
  journal = {Rev. Mod. Phys.},
  volume = {77},
  number = {3},
  pages = {935--976},
  numpages = {41},
  year = {2005},
  month = {Sep},
  doi = {10.1103/RevModPhys.77.935},
  publisher = {American Physical Society}
}


@Article{Beckmann,
  title = {Evidence for Crossed Andreev Reflection in Superconductor-Ferromagnet Hybrid Structures},
  author = {Beckmann, D.  and Weber, H. B. and v. L\"ohneysen, H. },
  journal = {Phys. Rev. Lett.},
  volume = {93},
  number = {19},
  pages = {197003},
  numpages = {4},
  year = {2004},
  month = {Nov},
  doi = {10.1103/PhysRevLett.93.197003},
  publisher = {American Physical Society}
}

@Article{Zimansky,
  title = {Nonlocal Correlations in Normal-Metal Superconducting Systems},
  author = {Cadden-Zimansky, P.  and Chandrasekhar, V. },
  journal = {Phys. Rev. Lett.},
  volume = {97},
  number = {23},
  pages = {237003},
  numpages = {4},
  year = {2006},
  month = {Dec},
  doi = {10.1103/PhysRevLett.97.237003},
  publisher = {American Physical Society}
}

@Article{Russo,
  title = {Experimental Observation of Bias-Dependent Nonlocal Andreev Reflection},
  author = {Russo, S.  and Kroug, M.  and Klapwijk, T. M. and Morpurgo, A. F.},
  journal = {Phys. Rev. Lett.},
  volume = {95},
  number = {2},
  pages = {027002},
  numpages = {4},
  year = {2005},
  month = {Jul},
  doi = {10.1103/PhysRevLett.95.027002},
  publisher = {American Physical Society}
}


@article{Zimansky2,
  author={P Cadden-Zimansky and Z Jiang and V Chandrasekhar},
  title={Charge imbalance, crossed Andreev reflection and elastic co-tunnelling in ferromagnet/superconductor/normal-metal structures},
  journal={New Journal of Physics},
  volume={9},
  number={5},
  pages={116},
  %url={http://stacks.iop.org/1367-2630/9/i=5/a=116},
  year={2007}
  }


@Article{Asulin,
  title = {Evidence for crossed Andreev reflections in bilayers of (100)  $  YBa2 Cu3 O7-{}\delta{}  $  and the itinerant ferromagnet  $  SrRuO3  $ },
  author = {Asulin, Itay  and Yuli, Ofer  and Koren, Gad  and Millo, Oded },
  journal = {Phys. Rev. B},
  volume = {74},
  number = {9},
  pages = {092501},
  numpages = {4},
  year = {2006},
  month = {Sep},
  doi = {10.1103/PhysRevB.74.092501},
  publisher = {American Physical Society}
}



@article{spininjector,
author = {Zhigao Chen and Baigeng Wang and D. Y. Xing and Jian Wang},
collaboration = {},
title = {A spin injector},
publisher = {AIP},
year = {2004},
journal = {Applied Physics Letters},
volume = {85},
number = {13},
pages = {2553-2555},
doi = {10.1063/1.1793335}
}

@Article{Xiufeng,
  title = {Spin-dependent Andreev reflection tunneling through a quantum dot with intradot spin-flip scattering},
  author = {Cao, Xiufeng  and Shi, Yaoming  and Song, Xiaolong  and Zhou, Shiping  and Chen, Hao },
  journal = {Phys. Rev. B},
  volume = {70},
  number = {23},
  pages = {235341},
  numpages = {6},
  year = {2004},
  month = {Dec},
  doi = {10.1103/PhysRevB.70.235341},
  publisher = {American Physical Society}
}

@Article{Feng,
  title = {Tunneling resonances and Andreev reflection in transport of electrons through a ferromagnetic metal/quantum dot/superconductor system},
  author = {Feng, Jin-Fu  and Xiong, Shi-Jie },
  journal = {Phys. Rev. B},
  volume = {67},
  number = {4},
  pages = {045316},
  numpages = {7},
  year = {2003},
  month = {Jan},
  doi = {10.1103/PhysRevB.67.045316},
  publisher = {American Physical Society}
}



@Article{Sun,
  title = {Andreev reflection through a quantum dot coupled with two ferromagnets and a superconductor},
  author = {Zhu, Yu  and Sun, Qing-feng  and Lin, Tsung-han },
  journal = {Phys. Rev. B},
  volume = {65},
  number = {2},
  pages = {024516},
  numpages = {9},
  year = {2001},
  month = {Dec},
  doi = {10.1103/PhysRevB.65.024516},
  publisher = {American Physical Society}
}


@Article{Circuit,
  title = {Circuit theory of crossed Andreev reflection},
  author = {Morten, Jan Petter  and Brataas, Arne  and Belzig, Wolfgang },
  journal = {Phys. Rev. B},
  volume = {74},
  number = {21},
  pages = {214510},
  numpages = {11},
  year = {2006},
  month = {Dec},
  doi = {10.1103/PhysRevB.74.214510},
  publisher = {American Physical Society}
}

@Article{Benjamin,
  title = {Crossed Andreev reflection as a probe for the pairing symmetry of ferromagnetic superconductors},
  author = {Benjamin, Colin },
  journal = {Phys. Rev. B},
  volume = {74},
  number = {18},
  pages = {180503},
  numpages = {4},
  year = {2006},
  month = {Nov},
  doi = {10.1103/PhysRevB.74.180503},
  publisher = {American Physical Society}
}

@Article{Peysson,
  title = {Crossed Andreev reflection at ferromagnetic domain walls},
  author = {Melin, R.  and Peysson, S. },
  journal = {Phys. Rev. B},
  volume = {68},
  number = {17},
  pages = {174515},
  numpages = {14},
  year = {2003},
  month = {Nov},
  doi = {10.1103/PhysRevB.68.174515},
  publisher = {American Physical Society}
}


@Article{Brinkman,
  title = {Crossed Andreev reflection in diffusive contacts: Quasiclassical Keldysh-Usadel formalism},
  author = {Brinkman, A.  and Golubov, A. A.},
  journal = {Phys. Rev. B},
  volume = {74},
  number = {21},
  pages = {214512},
  numpages = {5},
  year = {2006},
  month = {Dec},
  doi = {10.1103/PhysRevB.74.214512},
  publisher = {American Physical Society}
}


@Article{Giazotto,
  title = {Crossed Andreev Reflection-Induced Magnetoresistance},
  author = {Giazotto, Francesco  and Taddei, Fabio  and Beltram, Fabio  and Fazio, Rosario },
  journal = {Phys. Rev. Lett.},
  volume = {97},
  number = {8},
  pages = {087001},
  numpages = {4},
  year = {2006},
  month = {Aug},
  doi = {10.1103/PhysRevLett.97.087001},
  publisher = {American Physical Society}
}


@Article{DeutscherCross,
  AUTHOR = {Deutscher, G.},
  TITLE = {Crossed Andreev reflections},
  YEAR = 2002,
  JOURNAL = {Journal of Superconductivity},
  VOLUME = 15,
  NUMBER = 1,
  PAGES = {43 - 47},
  LANGUAGE = English,
  %ISSN = {0896-1107},
  KEYWORDS = {Andreev reflections; spin polarization effects},
  DATE = FEB
}


@Article{Melin,
  title = {Crossed conductance in ferromagnet/superconductor/ferromagnet double junctions: Role of out-of-equilibrium populations},
  author = {Melin, R. },
  journal = {Phys. Rev. B},
  volume = {72},
  number = {5},
  pages = {054503},
  numpages = {7},
  year = {2005},
  month = {Aug},
  doi = {10.1103/PhysRevB.72.054503},
  publisher = {American Physical Society}
}


@article{Bignon,
  author={G. Bignon and M. Houzet and F. Pistolesi and F. W. J. Hekking},
  title={Current-current correlations in hybrid superconducting and normal-metal multiterminal structures},
  journal={EPL (Europhysics Letters)},
  volume={67},
  number={1},
  year={2004},
  pages={110}
  %url={http://stacks.iop.org/0295-5075/67/i=1/a=110},
  }


@Article{Yang,
  title = {Local and nonlocal entanglement for quasiparticle pairs induced by Andreev reflection},
  author = {Zeng, Zhao Yang and Zhou, Liling  and Hong, Jongbae  and Li, Baowen },
  journal = {Phys. Rev. B},
  volume = {74},
  number = {8},
  pages = {085312},
  numpages = {4},
  year = {2006},
  month = {Aug},
  doi = {10.1103/PhysRevB.74.085312},
  publisher = {American Physical Society}
}

@Article{Dolcini,
  title = {Multiple Andreev reflections in a quantum dot coupled to superconducting leads: Effect of spin-orbit coupling},
  author = {Dolcini, Fabrizio  and Dell'Anna, Luca },
  journal = {Phys. Rev. B},
  volume = {78},
  number = {2},
  pages = {024518},
  numpages = {10},
  year = {2008},
  month = {Jul},
  doi = {10.1103/PhysRevB.78.024518},
  publisher = {American Physical Society}
}


@Article{Citro,
  title = {Nonlocal pure spin current injection via quantum pumping and crossed Andreev reflection},
  author = {Benjamin, Colin  and Citro, Roberta },
  journal = {Phys. Rev. B},
  volume = {72},
  number = {8},
  pages = {085340},
  numpages = {9},
  year = {2005},
  month = {Aug},
  doi = {10.1103/PhysRevB.72.085340},
  publisher = {American Physical Society}
}


@article{Songintra,
author = {Hong-Yan Song and Shi-Ping Zhou},
title = {Intradot spin-flip Andreev reflection tunneling through a ferromagnet-quantum dot-superconductor system with ac field},
journal = {Physics Letters A},
volume = {372},
number = {45},
month = {Nov},
pages = {6773},
year = {2008}
}

@Article{Lambert4,
  AUTHOR = {Lambert, C. J.},
  TITLE = {Generalized Landauer formulas for quasi-particles transport in disordered superconductors},
  YEAR = 1991,
  JOURNAL = {Journal of Physics-Condensed Matter},
  VOLUME = 3,
  NUMBER = 34,
  PAGES = {6579 - 6587},
  LANGUAGE = English,
  %ISSN = {0953-8984},
  DATE = {AUG 26}
}




@Article{Wiel,
  title = {Electron transport through double quantum dots},
  author = {van der Wiel, W. G. and De Franceschi, S.  and Elzerman, J. M. and Fujisawa, T.  and Tarucha, S.  and Kouwenhoven, L. P.},
  journal = {Rev. Mod. Phys.},
  volume = {75},
  number = {1},
  pages = {1--22},
  numpages = {21},
  year = {2002},
  month = {Dec},
  doi = {10.1103/RevModPhys.75.1},
  publisher = {American Physical Society}
}



@Article{Lesovik,
  AUTHOR = {Lesovik, G. B. and Martin, T. and Blatter, G.},
  TITLE = {Electronic entanglement in the vicinity of a superconductor},
  YEAR = 2001,
  JOURNAL = {European Physical Journal B},
  VOLUME = 24,
  NUMBER = 3,
  PAGES = {287 - 290},
  LANGUAGE = English,
  %ISSN = {1434-6028},
  ABSTRACT = {A weakly biased normal-metal-superconductor junction is considered as a potential
  device injecting entangled pairs of quasi-particles into a normal-metal lead. The two-particle states arise from Cooper pairs decaying into the normal lead and are characterized by entangled spin- and orbital degrees of freedom. The separation of the entangled quasi-particles is achieved with a fork geometry and normal leads containing spin- or energy-selective filters. This solid state entangler is characterized by noise cross-correlations which are identical to the noise in one lead, a signature consistent with entanglement. A connection to Bell-type experiments is envisioned (cond-mat/0009193).},
  DATE = DEC
}

@Article{feinberg1,
  title = {Spin-current noise and Bell inequalities in a realistic superconductor-quantum dot entangler},
  author = {Sauret, Olivier  and Martin, Thierry  and Feinberg, Denis },
  journal = {Phys. Rev. B},
  volume = {72},
  number = {2},
  pages = {024544},
  numpages = {7},
  year = {2005},
  month = {Jul},
  doi = {10.1103/PhysRevB.72.024544},
  publisher = {American Physical Society}
}


@Article{feinberg2,
  title = {Spin-Current Shot Noise as a Probe of Interactions in Mesoscopic Systems},
  author = {Sauret, O.  and Feinberg, D. },
  journal = {Phys. Rev. Lett.},
  volume = {92},
  number = {10},
  pages = {106601},
  numpages = {4},
  year = {2004},
  month = {Mar},
  doi = {10.1103/PhysRevLett.92.106601},
  publisher = {American Physical Society}
}

@article{feinberg3,
author = {P. Simon and D. Feinberg},
collaboration = {},
title = {Electronic Spin Precession and Interferometry from Spin-Orbital Entanglement in a Double Quantum Dot},
publisher = {APS},
year = {2006},
journal = {Phys. Rev. Lett.},
volume = {97},
number = {24},
eid = {247207},
numpages = {4},
pages = {247207},
%url = {http://link.aps.org/abstract/PRL/v97/e247207},
doi = {10.1103/PhysRevLett.97.247207}
}


@Article{Guo,
  title = {Double quantum dots: Kondo resonance induced by an interdot interaction},
  author = {Sun, Qing-feng  and Guo, Hong },
  journal = {Phys. Rev. B},
  volume = {66},
  number = {15},
  pages = {155308},
  numpages = {9},
  year = {2002},
  month = {Oct},
  doi = {10.1103/PhysRevB.66.155308},
  publisher = {American Physical Society}
}

@Article{Guo2,
  title = {Effects of spin-flip scattering in double quantum dots},
  author = {Ji, Tao  and Sun, Qingfeng  and Guo, Hong },
  journal = {Phys. Rev. B},
  volume = {74},
  number = {23},
  pages = {233307},
  numpages = {4},
  year = {2006},
  month = {Dec},
  doi = {10.1103/PhysRevB.74.233307},
  publisher = {American Physical Society}
}


@Article{Eto,
  title = {Kondo resonant spectra in coupled quantum dots},
  author = {Aono, Tomosuke  and Eto, Mikio },
  journal = {Phys. Rev. B},
  volume = {63},
  number = {12},
  pages = {125327},
  numpages = {11},
  year = {2001},
  month = {Mar},
  doi = {10.1103/PhysRevB.63.125327},
  publisher = {American Physical Society}
}

@Article{suk,
  title = {Suppression of current in transport through parallel double quantum dots},
  author = {Kim, Tae-Suk  and Hershfield, S. },
  journal = {Phys. Rev. B},
  volume = {63},
  number = {24},
  pages = {245326},
  numpages = {12},
  year = {2001},
  month = {Jun},
  doi = {10.1103/PhysRevB.63.245326},
  publisher = {American Physical Society}
}


@Article{Aguado,
  title = {Kondo effect in coupled quantum dots: A noncrossing approximation study},
  author = {Aguado, Ramon  and Langreth, David C.},
  journal = {Phys. Rev. B},
  volume = {67},
  number = {24},
  pages = {245307},
  numpages = {20},
  year = {2003},
  month = {Jun},
  doi = {10.1103/PhysRevB.67.245307},
  publisher = {American Physical Society}
}
  	
@article{zhang,
  author={Zhi-Yong Zhang},
  title={Josephson current through double quantum dots},
  journal={Journal of Physics: Condensed Matter},
  volume={18},
  number={1},
  pages={181},
  year={2006}
}

@Article{Buitelaar,
  title = {Quantum Dot in the Kondo Regime Coupled to Superconductors},
  author = {Buitelaar, M. R. and Nussbaumer, T.  and Schonenberger, C. },
  journal = {Phys. Rev. Lett.},
  volume = {89},
  number = {25},
  pages = {256801},
  numpages = {4},
  year = {2002},
  month = {Dec},
  doi = {10.1103/PhysRevLett.89.256801},
  publisher = {American Physical Society}
}

@Article{Buitelaar2,
  title = {Multiple Andreev Reflections in a Carbon Nanotube Quantum Dot},
  author = {Buitelaar, M. R. and Belzig, W.  and Nussbaumer, T.  and Bruder, C.  and Schonenberger, C. },
  journal = {Phys. Rev. Lett.},
  volume = {91},
  number = {5},
  pages = {057005},
  numpages = {4},
  year = {2003},
  month = {Aug},
  doi = {10.1103/PhysRevLett.91.057005},
  publisher = {American Physical Society}
}

@Article{Kawakami,
  title = {Andreev transport through side-coupled double quantum dots},
  author = {Tanaka, Yoichi  and Kawakami, Norio  and Oguri, Akira },
  journal = {Phys. Rev. B},
  volume = {78},
  number = {3},
  pages = {035444},
  numpages = {6},
  year = {2008},
  month = {Jul},
  doi = {10.1103/PhysRevB.78.035444},
  publisher = {American Physical Society}
}

@article{Tanaka,
author = {Yoichi Tanaka and Norio Kawakami and Akira Oguri},
title = {Andreev transport through double quantum dots: Numerical renormalization group approach},
journal = {Physica E: Low-dimensional Systems and Nanostructures},
volume = {40},
number = {5},
pages = {1618 - 1620},
year = {2008}
}

@article{Choi,
author = {Yu-Xian Li and Han-Yong Choi and Hyun-Woo Lee and Jian-Jun Liu},
collaboration = {},
title = {Andreev reflection with spin-flip scattering through a T-shaped double quantum dot},
publisher = {AIP},
year = {2007},
journal = {Journal of Applied Physics},
volume = {101},
number = {10},
eid = {103918},
pages = {103918},
keywords = {quantum dots; ferromagnetism; tunnelling; Green's function methods; quantum interference phenomena},
%url = {http://link.aip.org/link/?JAP/101/103918/1},
doi = {10.1063/1.2724832}
}


@BOOK{datta1,
  AUTHOR =       {S. Datta},
  TITLE =        {Quantum Transport: Atom to Transistor},
  PUBLISHER =    {Cambridge},
  address = {New York},
  YEAR =         {2005}
}
@BOOK{datta2,
  AUTHOR =       {S. Datta},
  TITLE =        {Quantum Transport in mesoscopic systems},
  PUBLISHER =    {Cambridge},
  address = {New York},
  YEAR =         {1995}
}

@BOOK{nazarov,
  AUTHOR =       {Y. Nazarov and Y. M. Blanter},
  TITLE =        {Quantum Transport: Introduction to nanoscience},
  PUBLISHER =    {Cambridge},
  address = {New York},
  YEAR =         {2009}
}

@BOOK{ferry,
  AUTHOR =       {D. K. Ferry and S. M. Goodnick and J. Bird},
  TITLE =        {Transport in Nanostructures },
  PUBLISHER =    {Cambridge},
  YEAR =         {2009},
  address = {New York},
  edition =      {2º},
}

@BOOK{kadanoff,
  AUTHOR =       "Kadanoff, L.P. and Baym,G.",
  TITLE =        "Quantum Statistical Mechanics",
  PUBLISHER =    "Benjammim, Inc.",
  YEAR =         "1962",
}

@ARTICLE{keldysh,
  AUTHOR =       "Keldysh, L. V.",
  TITLE =        "Diagram tecnique for nonequilibrium processes",
  JOURNAL =      JETP,
  YEAR =         "1965",
  volume =       "20",
  number =       "4",
  pages =        "1018-1026",
  month =        "Abril"
}

@BOOK{diVentra,
  AUTHOR =       {M. Di Ventra},
  address = {New York},
  TITLE =        {Electrical Transport in Nanoscale Systems},
  PUBLISHER =    {Cambridge University Press},
  YEAR =         {2008}
    }

@BOOK{haug,
  AUTHOR =       {H. Haug and A. P. Jauho},
  TITLE =        {Quantum Kinetics in Transport and Optics of Semiconductor},
  PUBLISHER =    {Springer, Heidelberg},
  YEAR =         {1996}
}

@book{mahan,
  address = {New York},
  author = {G. D. Mahan},
  publisher = {Plenum},
  title = {Many Particle Physics, Third Edition},
  year = {2000},

}
@Article{rammer,
  title = {Quantum field-theoretical methods in transport theory of metals},
  author = {Rammer, J.  and Smith, H. },
  journal = {Rev. Mod. Phys.},
  volume = {58},
  number = {2},
  pages = {323--359},
  numpages = {36},
  year = {1986},
  month = {Apr},
  doi = {10.1103/RevModPhys.58.323},
  publisher = {American Physical Society}
}


@Article{BCS,
  title = {Microscopic Theory of Superconductivity},
  author = {Bardeen, J.  and Cooper, L. N. and Schrieffer, J. R.},
  journal = {Phys. Rev.},
  volume = {106},
  number = {1},
  pages = {162--164},
  numpages = {2},
  year = {1957},
  month = {Apr},
  doi = {10.1103/PhysRev.106.162},
  publisher = {American Physical Society}
}

@ARTICLE{zengetal,
  AUTHOR =       {Zeng, Z.Y. and Li, Baowen and Claro, F.},
  JOURNAL =    {The European Physical Journal B - Condensed Matter and Complex Systems},
  TITLE =      {Electron transport in interacting hybrid mesoscopic systems},
  YEAR =         {2003},
  volume =       {32},
  number =       {3}
}

@book{fazekas,
    address = {Singapore},
    author = {Fazekas, P.},
    publisher = {World Scientific},
    title = {Lecture notes on Electron Correlations and Magnetism},
    year = {1999}
}

@Article{direcao,
  title = {Conductance and exchange coupling of two ferromagnets separated by a tunneling barrier},
  author = {Slonczewski, J. C.},
  journal = {Phys. Rev. B},
  volume = {39},
  number = {10},
  pages = {6995--7002},
  numpages = {7},
  year = {1989},
  month = {Apr},
  doi = {10.1103/PhysRevB.39.6995},
  publisher = {American Physical Society}
}

@Article{btk,
  title = {Transition from metallic to tunneling regimes in superconducting microconstrictions: Excess current, charge imbalance, and supercurrent conversion},
  author = {Blonder, G. E. and Tinkham, M.  and Klapwijk, T. M.},
  journal = {Phys. Rev. B},
  volume = {25},
  number = {7},
  pages = {4515--4532},
  numpages = {17},
  year = {1982},
  month = {Apr},
  doi = {10.1103/PhysRevB.25.4515},
  publisher = {American Physical Society}
}

@Article{BeenakkerdeJong,
  title = {Andreev Reflection in Ferromagnet-Superconductor Junctions},
  author = {de Jong, M. J. M. and Beenakker, C. W. J.},
  journal = {Phys. Rev. Lett.},
  volume = {74},
  number = {9},
  pages = {1657--1660},
  numpages = {3},
  year = {1995},
  month = {Feb},
  doi = {10.1103/PhysRevLett.74.1657},
  publisher = {American Physical Society}
}
@article{makk,
author = {P. Makk and Sz. Csonka and A. Halbritter},
collaboration = {},
title = {Effect of hydrogen molecules on the electronic transport through atomic-sized metallic junctions in the superconducting state},
publisher = {APS},
year = {2008},
journal = {Phys. Rev. B},
volume = {78},
number = {4},
eid = {045414},
numpages = {6},
pages = {045414},
keywords = {aluminium; ductility; eigenvalues and eigenfunctions; electric admittance; hydrogen; indium; lead; microelectrodes; necking; niobium; plasticity; superconducting energy gap; tantalum; tin; type II superconductors},
%url = {http://link.aps.org/abstract/PRB/v78/e045414},
doi = {10.1103/PhysRevB.78.045414}
}


@Article{Baibich,
  title = {Giant Magnetoresistance of (001)Fe/(001)Cr Magnetic Superlattices},
  author = {Baibich, M. N. and Broto, J. M. and Fert, A.  and Van Dau, F. Nguyen and Petroff, F.  and Etienne, P.  and Creuzet, G.  and Friederich, A.  and Chazelas, J. },
  journal = {Phys. Rev. Lett.},
  volume = {61},
  number = {21},
  pages = {2472--2475},
  numpages = {3},
  year = {1988},
  month = {Nov},
  doi = {10.1103/PhysRevLett.61.2472},
  publisher = {American Physical Society}
}

@article{prinz,
author = {Gary A. Prinz},
collaboration = {},
title = {Spin-Polarized Transport},
publisher = {AIP},
year = {1995},
journal = {Physics Today},
volume = {48},
number = {4},
pages = {58-63},
%url = {http://link.aip.org/link/?PTO/48/58/1},
doi = {10.1063/1.881459}
}


@Article{Doh,
  AUTHOR = {Doh, Yong-Joo and Franceschi, Silvano De and Bakkers, Erik P. A. M. and Kouwenhoven, Leo P.},
  TITLE = {Andreev Reflection versus Coulomb Blockade in Hybrid Semiconductor Nanowire Devices},
  YEAR = 2008,
  JOURNAL = {Nano Letters},
  VOLUME = 8,
  NUMBER = 12,
  PAGES = {4098 - 4102},
  %ISSN = {1530-6984},
  DATE = {Dec 10}
}

@article{nguyen2,
author = {V. Hung Nguyen and V. Lien Nguyen and H. Nam Nguyen},
collaboration = {},
title = {Coulomb blockade and negative differential conductance in metallic double-dot devices},
publisher = {AIP},
year = {2004},
journal = {Journal of Applied Physics},
volume = {96},
number = {6},
pages = {3302-3306},
keywords = {Coulomb blockade; single electron devices; electric admittance; quantum dots; Monte Carlo methods},
%url = {http://link.aip.org/link/?JAP/96/3302/1},
doi = {10.1063/1.1782954}
}

@Article{franssonprb,
  title = {Current-voltage asymmetries and negative differential conductance due to strong electron correlations in double quantum dots},
  author = {Fransson, J.  and Eriksson, O. },
  journal = {Phys. Rev. B},
  volume = {70},
  number = {8},
  pages = {085301},
  numpages = {12},
  year = {2004},
  month = {Aug},
  doi = {10.1103/PhysRevB.70.085301},
  publisher = {American Physical Society}
}

@article{frassonjphys,
  author={J Fransson and O Eriksson},
  title={Asymmetric negative differential conductance in double quantum dots},
  journal={J. Phys.: Condens. Matter},
  volume={16},
  number={8},
  pages={L85-L91},
  year={2004},
}


@Article{Orellana,
  title = {Negative differential conductance induced by electronic correlation in a double quantum dot molecule},
  author = {Lara, Gustavo A. and Orellana, Pedro A. and Anda, Enrique V.},
  journal = {Phys. Rev. B},
  volume = {78},
  number = {4},
  pages = {045323},
  numpages = {6},
  year = {2008},
  month = {Jul},
  doi = {10.1103/PhysRevB.78.045323},
  publisher = {American Physical Society}
}

@Article{Langreth6,
  title = {Out-of-Equilibrium Kondo Effect in Double Quantum Dots},
  author = {Aguado, Ram\'on  and Langreth, David C.},
  journal = {Phys. Rev. Lett.},
  volume = {85},
  number = {9},
  pages = {1946--1949},
  numpages = {3},
  year = {2000},
  month = {Aug},
  doi = {10.1103/PhysRevLett.85.1946},
  publisher = {American Physical Society}
}

@Article{Rakshit,
  AUTHOR = {Rakshit, Titash and Liang, Geng-Chiau and Ghosh, Avik W. and Datta, Supriyo},
  TITLE = {Silicon-based Molecular Electronics},
  YEAR = 2004,
  JOURNAL = {Nano Letters},
  VOLUME = 4,
  NUMBER = 10,
  PAGES = {1803 - 1807},
  %ISSN = {1530-6984},
  DATE = {Oct 01}
}

@article{spininjector,
author = {Zhigao Chen and Baigeng Wang and D. Y. Xing and Jian Wang},
collaboration = {},
title = {A spin injector},
publisher = {AIP},
year = {2004},
journal = {Applied Physics Letters},
volume = {85},
number = {13},
pages = {2553-2555},
doi = {10.1063/1.1793335}
}



@Article{Beckmann,
  title = {Evidence for Crossed Andreev Reflection in Superconductor-Ferromagnet Hybrid Structures},
  author = {Beckmann, D.  and Weber, H. B. and v. L\"ohneysen, H. },
  journal = {Phys. Rev. Lett.},
  volume = {93},
  number = {19},
  pages = {197003},
  numpages = {4},
  year = {2004},
  month = {Nov},
  doi = {10.1103/PhysRevLett.93.197003},
  publisher = {American Physical Society}
}


@article{review,
  volume = {77},
  journal = {Rev. Mod. Phys.},
  author = {Bergeret, F. S. and Volkov, A. F. and Efetov, K. B.},
  month = {Nov},
  doi = {10.1103/RevModPhys.77.1321},
  year = {2005},
  title = {Odd triplet superconductivity and related phenomena in superconductor-ferromagnet structures},
  issue = {4},
  publisher = {American Physical Society},
  pages = {1321--1373}
}


@ARTICLE{referee4_0,
  AUTHOR =       {Keizer, R. S. and Goennenwein, S. T. B. and Klapwijk, T. M. and Miao, G. and Xiao, G. and Gupta, A.},
  TITLE =        {A spin triplet supercurrent through the half-metallic ferromagnet CrO2},
  JOURNAL =      {Nature},
  YEAR =         {2006},
  volume =       {439},
  pages =        {825-827}
}



@article{referee4_1,
  volume = {82},
  journal = {Phys. Rev. B},
  author = {Konschelle, F. and Cayssol, J. and Buzdin, A.},
  month = {Nov},
  doi = {10.1103/PhysRevB.82.180509},
  year = {2010},
  title = {Long-range singlet proximity effect in ferromagnetic nanowires},
  issue = {18},
  publisher = {American Physical Society},
  numpages = {4},
  pages = {180509}
}

@article{referee4_2,
  volume = {82},
  journal = {Phys. Rev. B},
  author = {Trifunovic, Luka and Radovi\ifmmode \acute{c}\else \'{c}\fi{}, Zoran},
  month = {Jul},
  url = {http://link.aps.org/doi/10.1103/PhysRevB.82.020505},
  doi = {10.1103/PhysRevB.82.020505},
  year = {2010},
  title = {Long-range spin-triplet proximity effect in Josephson junctions with multilayered ferromagnets},
  issue = {2},
  publisher = {American Physical Society},
  numpages = {4},
  pages = {020505}
}


@article{referee4_3,
  volume = {84},
  journal = {Phys. Rev. B},
  author = {Trifunovic, Luka and Popovi\ifmmode \acute{c}\else \'{c}\fi{}, Zorica and Radovi\ifmmode \acute{c}\else \'{c}\fi{}, Zoran},
  month = {Aug},
  url = {http://link.aps.org/doi/10.1103/PhysRevB.84.064511},
  doi = {10.1103/PhysRevB.84.064511},
  year = {2011},
  title = {Josephson effect and spin-triplet pairing correlations in SF${}_{1}$F${}_{2}$S junctions},
  issue = {6},
  publisher = {American Physical Society},
  numpages = {7},
  pages = {064511}
}



@article{referee4_4,
  volume = {107},
  journal = {Phys. Rev. Lett.},
  author = {Trifunovic, Luka},
  month = {Jul},
  url = {http://link.aps.org/doi/10.1103/PhysRevLett.107.047001},
  doi = {10.1103/PhysRevLett.107.047001},
  year = {2011},
  title = {Long-Range Superharmonic Josephson Current},
  issue = {4},
  publisher = {American Physical Society},
  numpages = {4},
  pages = {047001}
}


@article{referee4_5,
  volume = {90},
  journal = {Phys. Rev. Lett.},
  author = {Eschrig, M. and Kopu, J. and Cuevas, J. C. and Sch\"on, Gerd},
  month = {Apr},
  url = {http://link.aps.org/doi/10.1103/PhysRevLett.90.137003},
  doi = {10.1103/PhysRevLett.90.137003},
  year = {2003},
  title = {Theory of Half-Metal/Superconductor Heterostructures},
  issue = {13},
  publisher = {American Physical Society},
  numpages = {4},
  pages = {137003}
}


@ARTICLE{noanomalous,
  note = {As discussed previously, we are assuming conditions
that exclude `anomalous' AR, that is reflections with spin
flip. In this case, the reflected hole flips its spin and
enters the same ferromagnetic lead of the incident electron,
inducing a triplet proximity effect. This local reflection will
compete with the nonlocal crossed AR. However, spin-flip
scattering is only possible in the presence of inhomogeities at
the ferromagnets. } }


@article{halfmetallic,
  author={K. Schwarz},
  title={CrO 2 predicted as a half-metallic ferromagnet},
  journal={Journal of Physics F: Metal Physics},
  volume={16},
  number={9},
  pages={L211},
  url={http://stacks.iop.org/0305-4608/16/i=9/a=002},
  year={1986}
}





%--------------------------------------------------------------------------------------------------------------------------------------------------------
@article{kondoquestion1,
  title = {Andreev scattering and the Kondo effect},
  author = {Clerk, Aashish A. and Ambegaokar, Vinay and Hershfield, Selman},
  journal = {Phys. Rev. B},
  volume = {61},
  issue = {5},
  pages = {3555--3562},
  numpages = {0},
  year = {2000},
  month = {Feb},
  publisher = {American Physical Society},
  doi = {10.1103/PhysRevB.61.3555},
  url = {http://link.aps.org/doi/10.1103/PhysRevB.61.3555}
}




  	
@article{kondoquestion2,
  author={Xin Lu and W K Park and H Q Yuan and G F Chen and G L Luo and N L Wang and A S Sefat and M A McGuire and R Jin and B C Sales and D Mandrus and J
Gillett and Suchitra E Sebastian and L H Greene},
  title={Point-contact spectroscopic studies on normal and superconducting AFe 2 As 2 -type iron pnictide single crystals},
  journal={Superconductor Science and Technology},
  volume={23},
  number={5},
  pages={054009},
  url={http://stacks.iop.org/0953-2048/23/i=5/a=054009},
  year={2010}
  }
	




@article{saintjamescuprates,
  title = {Andreev\char21{}Saint-James reflections: A probe of cuprate superconductors},
  author = {Deutscher, Guy},
  journal = {Rev. Mod. Phys.},
  volume = {77},
  issue = {1},
  pages = {109--135},
  numpages = {0},
  year = {2005},
  month = {Mar},
  publisher = {American Physical Society},
  doi = {10.1103/RevModPhys.77.109},
  url = {http://link.aps.org/doi/10.1103/RevModPhys.77.109}
}





































%






































































%










































%
