@FOOTNOTE{Note1,key="Note1",note="Indeed, let's substitute Eq. \protect \textup  {\hbox {\mathsurround \z@ \protect \normalfont  (\ignorespaces \ref {delta:muS}\unskip \@@italiccorr )}} into Eq. \protect \textup  {\hbox {\mathsurround \z@ \protect \normalfont  (\ignorespaces \ref {JR}\unskip \@@italiccorr )}}: \begin {align*} J_{R}&= -\protect \mathcal  {L}_{RL,\mu }\delta \mu _{L} -\protect \mathcal  {L}_{RS,\mu }\left [\protect \genfrac  {}{}{}0{\protect \mathcal  {L}_{SL,\mu }\delta \mu _{L}+\protect \mathcal  {L}_{SR,\mu }\delta \mu _{R}}{\protect \mathcal  {L}_{SL,\mu }+\protect \mathcal  {L}_{SR,\mu }}\right ] + (\protect \mathcal  {L}_{RL,\mu }+\protect \mathcal  {L}_{RS,\mu })\delta \mu _{R} \end {align*} \par \begin {align*} J_{R}&= -\protect \mathcal  {L}_{RL,\mu }\delta \mu _{L} - \protect \genfrac  {}{}{}0{\protect \mathcal  {L}_{RS,\mu }\protect \mathcal  {L}_{SL,\mu }}{\protect \mathcal  {L}_{SL,\mu }+\protect \mathcal  {L}_{SR,\mu }}\delta \mu _{L} - \protect \genfrac  {}{}{}0{\protect \mathcal  {L}_{RS,\mu }\protect \mathcal  {L}_{SR,\mu }}{\protect \mathcal  {L}_{SL,\mu }+\protect \mathcal  {L}_{SR,\mu }}\delta \mu _{R} + (\protect \mathcal  {L}_{RL,\mu }+\protect \mathcal  {L}_{RS,\mu })\delta \mu _{R} \end {align*} \begin {multline*} J_{R}= -\left [ \protect \genfrac  {}{}{}0{\protect \mathcal  {L}_{RL,\mu }(\protect \mathcal  {L}_{SL,\mu }+\protect \mathcal  {L}_{SR,\mu })+\protect \mathcal  {L}_{RS,\mu }\protect \mathcal  {L}_{SL,\mu }}{\protect \mathcal  {L}_{SL,\mu }+\protect \mathcal  {L}_{SR,\mu }}\right ]\delta \mu _{L} \\+\left [ \protect \genfrac  {}{}{}0{-\protect \mathcal  {L}_{RS,\mu }\protect \mathcal  {L}_{SR,\mu }+(\protect \mathcal  {L}_{SL,\mu }+\protect \mathcal  {L}_{SR,\mu })(\protect \mathcal  {L}_{RL,\mu }+\protect \mathcal  {L}_{RS,\mu })}{\protect \mathcal  {L}_{SL,\mu }+\protect \mathcal  {L}_{SR,\mu }}\right ]\delta \mu _{R} \end {multline*} \par \begin {multline*} J_{R}= -\left [ \protect \genfrac  {}{}{}0{\protect \mathcal  {L}_{RL,\mu }\protect \mathcal  {L}_{SL,\mu }+\protect \mathcal  {L}_{RL,\mu }\protect \mathcal  {L}_{SR,\mu }+\protect \mathcal  {L}_{RS,\mu }\protect \mathcal  {L}_{SL,\mu }}{\protect \mathcal  {L}_{SL,\mu }+\protect \mathcal  {L}_{SR,\mu }}\right ]\delta \mu _{L} \\+\left [ \protect \genfrac  {}{}{}0{-\protect \mathcal  {L}_{RS,\mu }\protect \mathcal  {L}_{SR,\mu }+\protect \mathcal  {L}_{SL,\mu }\protect \mathcal  {L}_{RL,\mu } +\protect \mathcal  {L}_{SL,\mu }\protect \mathcal  {L}_{RS,\mu } +\protect \mathcal  {L}_{SR,\mu }\protect \mathcal  {L}_{RL,\mu } +\protect \mathcal  {L}_{SR,\mu }\protect \mathcal  {L}_{RS,\mu }}{\protect \mathcal  {L}_{SL,\mu }+\protect \mathcal  {L}_{SR,\mu }}\right ]\delta \mu _{R} \end {multline*} \par \begin {multline*} J_{R}= -\left [ \protect \genfrac  {}{}{}0{\protect \mathcal  {L}_{RL,\mu }\protect \mathcal  {L}_{SL,\mu }+\protect \mathcal  {L}_{RL,\mu }\protect \mathcal  {L}_{SR,\mu }+\protect \mathcal  {L}_{RS,\mu }\protect \mathcal  {L}_{SL,\mu }}{\protect \mathcal  {L}_{SL,\mu }+\protect \mathcal  {L}_{SR,\mu }}\right ]\delta \mu _{L} \\+\left [ \protect \genfrac  {}{}{}0{ \protect \mathcal  {L}_{SL,\mu }\protect \mathcal  {L}_{RL,\mu } +\protect \mathcal  {L}_{SL,\mu }\protect \mathcal  {L}_{RS,\mu } +\protect \mathcal  {L}_{SR,\mu }\protect \mathcal  {L}_{RL,\mu } }{\protect \mathcal  {L}_{SL,\mu }+\protect \mathcal  {L}_{SR,\mu }}\right ]\delta \mu _{R} \end {multline*} and by using the definition of $D_{L}$ we have: \begin {align*} J_{R}=\protect \genfrac  {}{}{}0{D_{L}}{\protect \mathcal  {L}_{SL,\mu }+\protect \mathcal  {L}_{SR,\mu }}(-\delta \mu _{L}+\delta \mu _{R})=-\protect \genfrac  {}{}{}0{D_{L}}{\protect \mathcal  {L}_{SL,\mu }+\protect \mathcal  {L}_{SR,\mu }}\Delta \mu _{LR} \end {align*} which leads to: \begin {align*} \Delta \mu _{LR}=\protect \genfrac  {}{}{}0{\protect \mathcal  {L}_{SL,\mu }+\protect \mathcal  {L}_{SR,\mu }}{D_{L}}J_{LR} \end {align*} which is indeed Eq. \protect \textup  {\hbox {\mathsurround \z@ \protect \normalfont  (\ignorespaces \ref {Delta:mu:LR}\unskip \@@italiccorr )}}."}
@CONTROL{REVTEX41Control}
@CONTROL{apsrev41Control,author="08",editor="1",pages="0",title="",year="1"}
